%YAML 1.1
%TAG !u! tag:unity3d.com,2011:
--- !u!1 &2582421926551959248
GameObject:
  m_ObjectHideFlags: 0
  m_CorrespondingSourceObject: {fileID: 0}
  m_PrefabInstance: {fileID: 0}
  m_PrefabAsset: {fileID: 0}
  serializedVersion: 6
  m_Component:
  - component: {fileID: 2582421926551959254}
  - component: {fileID: 2582421926551959255}
  m_Layer: 0
  m_Name: DecodeAudioManager
  m_TagString: MinigameManager
  m_Icon: {fileID: 0}
  m_NavMeshLayer: 0
  m_StaticEditorFlags: 0
  m_IsActive: 1
--- !u!4 &2582421926551959254
Transform:
  m_ObjectHideFlags: 0
  m_CorrespondingSourceObject: {fileID: 0}
  m_PrefabInstance: {fileID: 0}
  m_PrefabAsset: {fileID: 0}
  m_GameObject: {fileID: 2582421926551959248}
  m_LocalRotation: {x: 0, y: 0, z: 0, w: 1}
  m_LocalPosition: {x: 0.32281324, y: -0.43724325, z: -1.4758893}
  m_LocalScale: {x: 1, y: 1, z: 1}
  m_Children:
  - {fileID: 2582421927053461890}
  m_Father: {fileID: 0}
  m_RootOrder: 0
  m_LocalEulerAnglesHint: {x: 0, y: 0, z: 0}
--- !u!114 &2582421926551959255
MonoBehaviour:
  m_ObjectHideFlags: 0
  m_CorrespondingSourceObject: {fileID: 0}
  m_PrefabInstance: {fileID: 0}
  m_PrefabAsset: {fileID: 0}
  m_GameObject: {fileID: 2582421926551959248}
  m_Enabled: 1
  m_EditorHideFlags: 0
  m_Script: {fileID: 11500000, guid: 9e2718f960b411240abf3efcc6c930ce, type: 3}
  m_Name: 
  m_EditorClassIdentifier: 
  m_runeDictionary:
  - m_runeText: Fuoco
    m_sprite: {fileID: 21300000, guid: c4fed5da69db7584084f7e34007ab53f, type: 3}
    m_audioClip: {fileID: 8300000, guid: 4303dd52faecf8e4e9c2ac0d970b7e2e, type: 3}
  - m_runeText: Foglia
    m_sprite: {fileID: 21300000, guid: c9b10eec22a1c284c90f0567ac1926a9, type: 3}
    m_audioClip: {fileID: 8300000, guid: 9d9380f2194696c4482a5800787f2712, type: 3}
  - m_runeText: Luce
    m_sprite: {fileID: 21300000, guid: eaa59ae506248bc48a02796505becf06, type: 3}
    m_audioClip: {fileID: 8300000, guid: 8f80cf7494c02cb49a4efcdc18f57d06, type: 3}
  - m_runeText: Luna
    m_sprite: {fileID: 21300000, guid: 8ae3790079b2c804ba4711a58f91fd39, type: 3}
    m_audioClip: {fileID: 8300000, guid: 2098efbdafdd03844818ea51452b309f, type: 3}
  - m_runeText: Pietra
    m_sprite: {fileID: 21300000, guid: fdb34fab7a3c5d648ada750588336cf4, type: 3}
    m_audioClip: {fileID: 8300000, guid: 2fcb14fa8c80d5546aca7c41b426d12b, type: 3}
  m_turnNumber: 3
  m_runeCount: 4
  m_playTime: 5
  m_bookManager: {fileID: 0}
  m_audioSource: {fileID: 2582421927053461889}
  m_endGameScreenController: {fileID: 0}
  m_decodeUIManager: {fileID: 0}
--- !u!1 &2582421927053461891
GameObject:
  m_ObjectHideFlags: 0
  m_CorrespondingSourceObject: {fileID: 0}
  m_PrefabInstance: {fileID: 0}
  m_PrefabAsset: {fileID: 0}
  serializedVersion: 6
  m_Component:
  - component: {fileID: 2582421927053461890}
  - component: {fileID: 2582421927053461889}
  m_Layer: 0
  m_Name: AudioPlayer
  m_TagString: Untagged
  m_Icon: {fileID: 0}
  m_NavMeshLayer: 0
  m_StaticEditorFlags: 0
  m_IsActive: 1
--- !u!4 &2582421927053461890
Transform:
  m_ObjectHideFlags: 0
  m_CorrespondingSourceObject: {fileID: 0}
  m_PrefabInstance: {fileID: 0}
  m_PrefabAsset: {fileID: 0}
  m_GameObject: {fileID: 2582421927053461891}
  m_LocalRotation: {x: 0, y: 0, z: 0, w: 1}
  m_LocalPosition: {x: 0, y: 0, z: 0}
  m_LocalScale: {x: 1, y: 1, z: 1}
  m_Children: []
  m_Father: {fileID: 2582421926551959254}
  m_RootOrder: 0
  m_LocalEulerAnglesHint: {x: 0, y: 0, z: 0}
--- !u!82 &2582421927053461889
AudioSource:
  m_ObjectHideFlags: 0
  m_CorrespondingSourceObject: {fileID: 0}
  m_PrefabInstance: {fileID: 0}
  m_PrefabAsset: {fileID: 0}
  m_GameObject: {fileID: 2582421927053461891}
  m_Enabled: 1
  serializedVersion: 4
  OutputAudioMixerGroup: {fileID: 0}
  m_audioClip: {fileID: 0}
  m_PlayOnAwake: 0
  m_Volume: 1
  m_Pitch: 1
  Loop: 0
  Mute: 0
  Spatialize: 0
  SpatializePostEffects: 0
  Priority: 128
  DopplerLevel: 0
  MinDistance: 1
  MaxDistance: 500
  Pan2D: 0
  rolloffMode: 0
  BypassEffects: 0
  BypassListenerEffects: 0
  BypassReverbZones: 0
  rolloffCustomCurve:
    serializedVersion: 2
    m_Curve:
    - serializedVersion: 3
      time: 0
      value: 1
      inSlope: 0
      outSlope: 0
      tangentMode: 0
      weightedMode: 0
      inWeight: 0.33333334
      outWeight: 0.33333334
    - serializedVersion: 3
      time: 1
      value: 0
      inSlope: 0
      outSlope: 0
      tangentMode: 0
      weightedMode: 0
      inWeight: 0.33333334
      outWeight: 0.33333334
    m_PreInfinity: 2
    m_PostInfinity: 2
    m_RotationOrder: 4
  panLevelCustomCurve:
    serializedVersion: 2
    m_Curve:
    - serializedVersion: 3
      time: 0
      value: 0
      inSlope: 0
      outSlope: 0
      tangentMode: 0
      weightedMode: 0
      inWeight: 0.33333334
      outWeight: 0.33333334
    m_PreInfinity: 2
    m_PostInfinity: 2
    m_RotationOrder: 4
  spreadCustomCurve:
    serializedVersion: 2
    m_Curve:
    - serializedVersion: 3
      time: 0
      value: 0
      inSlope: 0
      outSlope: 0
      tangentMode: 0
      weightedMode: 0
      inWeight: 0.33333334
      outWeight: 0.33333334
    m_PreInfinity: 2
    m_PostInfinity: 2
    m_RotationOrder: 4
  reverbZoneMixCustomCurve:
    serializedVersion: 2
    m_Curve:
    - serializedVersion: 3
      time: 0
      value: 0
      inSlope: 0
      outSlope: 0
      tangentMode: 0
      weightedMode: 0
      inWeight: 0.33333334
      outWeight: 0.33333334
    m_PreInfinity: 2
    m_PostInfinity: 2
    m_RotationOrder: 4
