%YAML 1.1
%TAG !u! tag:unity3d.com,2011:
--- !u!29 &1
OcclusionCullingSettings:
  m_ObjectHideFlags: 0
  serializedVersion: 2
  m_OcclusionBakeSettings:
    smallestOccluder: 5
    smallestHole: 0.25
    backfaceThreshold: 100
  m_SceneGUID: 00000000000000000000000000000000
  m_OcclusionCullingData: {fileID: 0}
--- !u!104 &2
RenderSettings:
  m_ObjectHideFlags: 0
  serializedVersion: 9
  m_Fog: 0
  m_FogColor: {r: 0.5, g: 0.5, b: 0.5, a: 1}
  m_FogMode: 3
  m_FogDensity: 0.01
  m_LinearFogStart: 0
  m_LinearFogEnd: 300
  m_AmbientSkyColor: {r: 0.212, g: 0.227, b: 0.259, a: 1}
  m_AmbientEquatorColor: {r: 0.114, g: 0.125, b: 0.133, a: 1}
  m_AmbientGroundColor: {r: 0.047, g: 0.043, b: 0.035, a: 1}
  m_AmbientIntensity: 1
  m_AmbientMode: 3
  m_SubtractiveShadowColor: {r: 0.42, g: 0.478, b: 0.627, a: 1}
  m_SkyboxMaterial: {fileID: 0}
  m_HaloStrength: 0.5
  m_FlareStrength: 1
  m_FlareFadeSpeed: 3
  m_HaloTexture: {fileID: 0}
  m_SpotCookie: {fileID: 10001, guid: 0000000000000000e000000000000000, type: 0}
  m_DefaultReflectionMode: 0
  m_DefaultReflectionResolution: 128
  m_ReflectionBounces: 1
  m_ReflectionIntensity: 1
  m_CustomReflection: {fileID: 0}
  m_Sun: {fileID: 0}
  m_IndirectSpecularColor: {r: 0, g: 0, b: 0, a: 1}
  m_UseRadianceAmbientProbe: 0
--- !u!157 &3
LightmapSettings:
  m_ObjectHideFlags: 0
  serializedVersion: 12
  m_GIWorkflowMode: 1
  m_GISettings:
    serializedVersion: 2
    m_BounceScale: 1
    m_IndirectOutputScale: 1
    m_AlbedoBoost: 1
    m_EnvironmentLightingMode: 0
    m_EnableBakedLightmaps: 0
    m_EnableRealtimeLightmaps: 0
  m_LightmapEditorSettings:
    serializedVersion: 12
    m_Resolution: 2
    m_BakeResolution: 40
    m_AtlasSize: 1024
    m_AO: 0
    m_AOMaxDistance: 1
    m_CompAOExponent: 1
    m_CompAOExponentDirect: 0
    m_ExtractAmbientOcclusion: 0
    m_Padding: 2
    m_LightmapParameters: {fileID: 0}
    m_LightmapsBakeMode: 1
    m_TextureCompression: 1
    m_FinalGather: 0
    m_FinalGatherFiltering: 1
    m_FinalGatherRayCount: 256
    m_ReflectionCompression: 2
    m_MixedBakeMode: 2
    m_BakeBackend: 1
    m_PVRSampling: 1
    m_PVRDirectSampleCount: 32
    m_PVRSampleCount: 512
    m_PVRBounces: 2
    m_PVREnvironmentSampleCount: 256
    m_PVREnvironmentReferencePointCount: 2048
    m_PVRFilteringMode: 1
    m_PVRDenoiserTypeDirect: 1
    m_PVRDenoiserTypeIndirect: 1
    m_PVRDenoiserTypeAO: 1
    m_PVRFilterTypeDirect: 0
    m_PVRFilterTypeIndirect: 0
    m_PVRFilterTypeAO: 0
    m_PVREnvironmentMIS: 1
    m_PVRCulling: 1
    m_PVRFilteringGaussRadiusDirect: 1
    m_PVRFilteringGaussRadiusIndirect: 5
    m_PVRFilteringGaussRadiusAO: 2
    m_PVRFilteringAtrousPositionSigmaDirect: 0.5
    m_PVRFilteringAtrousPositionSigmaIndirect: 2
    m_PVRFilteringAtrousPositionSigmaAO: 1
    m_ExportTrainingData: 0
    m_TrainingDataDestination: TrainingData
    m_LightProbeSampleCountMultiplier: 4
  m_LightingDataAsset: {fileID: 0}
  m_LightingSettings: {fileID: 0}
--- !u!196 &4
NavMeshSettings:
  serializedVersion: 2
  m_ObjectHideFlags: 0
  m_BuildSettings:
    serializedVersion: 2
    agentTypeID: 0
    agentRadius: 0.5
    agentHeight: 2
    agentSlope: 45
    agentClimb: 0.4
    ledgeDropHeight: 0
    maxJumpAcrossDistance: 0
    minRegionArea: 2
    manualCellSize: 0
    cellSize: 0.16666667
    manualTileSize: 0
    tileSize: 256
    accuratePlacement: 0
    maxJobWorkers: 0
    preserveTilesOutsideBounds: 0
    debug:
      m_Flags: 0
  m_NavMeshData: {fileID: 0}
--- !u!1 &41366247
GameObject:
  m_ObjectHideFlags: 0
  m_CorrespondingSourceObject: {fileID: 0}
  m_PrefabInstance: {fileID: 0}
  m_PrefabAsset: {fileID: 0}
  serializedVersion: 6
  m_Component:
  - component: {fileID: 41366249}
  - component: {fileID: 41366248}
  m_Layer: 0
  m_Name: GameManager
  m_TagString: MinigameManager
  m_Icon: {fileID: 0}
  m_NavMeshLayer: 0
  m_StaticEditorFlags: 0
  m_IsActive: 1
--- !u!114 &41366248
MonoBehaviour:
  m_ObjectHideFlags: 0
  m_CorrespondingSourceObject: {fileID: 0}
  m_PrefabInstance: {fileID: 0}
  m_PrefabAsset: {fileID: 0}
  m_GameObject: {fileID: 41366247}
  m_Enabled: 1
  m_EditorHideFlags: 0
  m_Script: {fileID: 11500000, guid: 59f07121318030f4385e4c56f3f9571b, type: 3}
  m_Name: 
  m_EditorClassIdentifier: 
  m_gameParameters:
    f_gameTime: 0
    f_rescaleRate: 0
    f_deltaScale: 0
    f_winTimeSeconds: 0
    f_loseTImeSeconds: 0
    f_initialGravityScale: 0
    f_stopRescaleSeconds: 0
  m_player: {fileID: 1119119834}
  m_gameWeight: {fileID: 1595404822}
  m_balanceRigidBody: {fileID: 7418775100975551040}
  f_Tollerance: 0.25
  gp_easy:
    f_gameTime: 35
    f_rescaleRate: 0.2
    f_deltaScale: 1.5
    f_winTimeSeconds: 15
    f_loseTImeSeconds: 25
    f_initialGravityScale: 4
    f_stopRescaleSeconds: 8
  gp_medium:
    f_gameTime: 50
    f_rescaleRate: 0.3
    f_deltaScale: 1.5
    f_winTimeSeconds: 25
    f_loseTImeSeconds: 25
    f_initialGravityScale: 4
    f_stopRescaleSeconds: 5
  gp_hard:
    f_gameTime: 55
    f_rescaleRate: 0.3
    f_deltaScale: 1.5
    f_winTimeSeconds: 30
    f_loseTImeSeconds: 28
    f_initialGravityScale: 4
    f_stopRescaleSeconds: 3
  b_enableDebug: 0
  diff: 2
--- !u!4 &41366249
Transform:
  m_ObjectHideFlags: 0
  m_CorrespondingSourceObject: {fileID: 0}
  m_PrefabInstance: {fileID: 0}
  m_PrefabAsset: {fileID: 0}
  m_GameObject: {fileID: 41366247}
  m_LocalRotation: {x: 0, y: 0, z: 0, w: 1}
  m_LocalPosition: {x: 1.3239584, y: -0.7075226, z: -19.42118}
  m_LocalScale: {x: 1, y: 1, z: 1}
  m_Children: []
  m_Father: {fileID: 0}
  m_RootOrder: 7
  m_LocalEulerAnglesHint: {x: 0, y: 0, z: 0}
--- !u!1 &349867090 stripped
GameObject:
  m_CorrespondingSourceObject: {fileID: 4910900449469798933, guid: ffa7dc37a7295ea45af63b591ea7dbcb, type: 3}
  m_PrefabInstance: {fileID: 1300403196}
  m_PrefabAsset: {fileID: 0}
--- !u!114 &349867091
MonoBehaviour:
  m_ObjectHideFlags: 0
  m_CorrespondingSourceObject: {fileID: 0}
  m_PrefabInstance: {fileID: 0}
  m_PrefabAsset: {fileID: 0}
  m_GameObject: {fileID: 349867090}
  m_Enabled: 1
  m_EditorHideFlags: 0
  m_Script: {fileID: 11500000, guid: 9050fe303738ad34fa0b79ba3bfdc8d8, type: 3}
  m_Name: 
  m_EditorClassIdentifier: 
  scoreText: {fileID: 1004982478}
  timerSlider: {fileID: 802839676}
  pauseBtn: {fileID: 1399083158}
  endGameScreenController: {fileID: 1704269114}
  pauseGameScreenController: {fileID: 439222226}
  playerTipText: {fileID: 661091572}
  playerTipImage: {fileID: 1554668092}
--- !u!114 &439222226 stripped
MonoBehaviour:
  m_CorrespondingSourceObject: {fileID: 8118363232843597286, guid: ffa7dc37a7295ea45af63b591ea7dbcb, type: 3}
  m_PrefabInstance: {fileID: 1300403196}
  m_PrefabAsset: {fileID: 0}
  m_GameObject: {fileID: 0}
  m_Enabled: 1
  m_EditorHideFlags: 0
  m_Script: {fileID: 11500000, guid: 76cdc262c0151cd488359f7c9a6e770e, type: 3}
  m_Name: 
  m_EditorClassIdentifier: 
--- !u!1 &661091568
GameObject:
  m_ObjectHideFlags: 0
  m_CorrespondingSourceObject: {fileID: 0}
  m_PrefabInstance: {fileID: 0}
  m_PrefabAsset: {fileID: 0}
  serializedVersion: 6
  m_Component:
  - component: {fileID: 661091569}
  - component: {fileID: 661091573}
  - component: {fileID: 661091572}
  - component: {fileID: 661091571}
  - component: {fileID: 661091570}
  m_Layer: 5
  m_Name: TipText
  m_TagString: Untagged
  m_Icon: {fileID: 0}
  m_NavMeshLayer: 0
  m_StaticEditorFlags: 0
  m_IsActive: 1
--- !u!224 &661091569
RectTransform:
  m_ObjectHideFlags: 0
  m_CorrespondingSourceObject: {fileID: 0}
  m_PrefabInstance: {fileID: 0}
  m_PrefabAsset: {fileID: 0}
  m_GameObject: {fileID: 661091568}
  m_LocalRotation: {x: 0, y: 0, z: 0, w: 1}
  m_LocalPosition: {x: 0, y: 0, z: 0}
  m_LocalScale: {x: 1, y: 1, z: 1}
  m_Children: []
  m_Father: {fileID: 704593993}
  m_RootOrder: 1
  m_LocalEulerAnglesHint: {x: 0, y: 0, z: 0}
  m_AnchorMin: {x: 0.5, y: 0.5}
  m_AnchorMax: {x: 0.5, y: 0.5}
  m_AnchoredPosition: {x: 47, y: 293}
  m_SizeDelta: {x: 932.4, y: 132.64}
  m_Pivot: {x: 0.5, y: 0.5}
--- !u!114 &661091570
MonoBehaviour:
  m_ObjectHideFlags: 0
  m_CorrespondingSourceObject: {fileID: 0}
  m_PrefabInstance: {fileID: 0}
  m_PrefabAsset: {fileID: 0}
  m_GameObject: {fileID: 661091568}
  m_Enabled: 1
  m_EditorHideFlags: 0
  m_Script: {fileID: 11500000, guid: cfabb0440166ab443bba8876756fdfa9, type: 3}
  m_Name: 
  m_EditorClassIdentifier: 
  m_EffectColor: {r: 0, g: 0, b: 0, a: 0.5}
  m_EffectDistance: {x: 4, y: -4}
  m_UseGraphicAlpha: 1
--- !u!114 &661091571
MonoBehaviour:
  m_ObjectHideFlags: 0
  m_CorrespondingSourceObject: {fileID: 0}
  m_PrefabInstance: {fileID: 0}
  m_PrefabAsset: {fileID: 0}
  m_GameObject: {fileID: 661091568}
  m_Enabled: 1
  m_EditorHideFlags: 0
  m_Script: {fileID: 11500000, guid: e19747de3f5aca642ab2be37e372fb86, type: 3}
  m_Name: 
  m_EditorClassIdentifier: 
  m_EffectColor: {r: 0, g: 0, b: 0, a: 0.5}
  m_EffectDistance: {x: 4, y: -4}
  m_UseGraphicAlpha: 1
--- !u!114 &661091572
MonoBehaviour:
  m_ObjectHideFlags: 0
  m_CorrespondingSourceObject: {fileID: 0}
  m_PrefabInstance: {fileID: 0}
  m_PrefabAsset: {fileID: 0}
  m_GameObject: {fileID: 661091568}
  m_Enabled: 1
  m_EditorHideFlags: 0
  m_Script: {fileID: 11500000, guid: 5f7201a12d95ffc409449d95f23cf332, type: 3}
  m_Name: 
  m_EditorClassIdentifier: 
  m_Material: {fileID: 0}
  m_Color: {r: 0.4377358, g: 1, b: 0.48844984, a: 1}
  m_RaycastTarget: 1
  m_RaycastPadding: {x: 0, y: 0, z: 0, w: 0}
  m_Maskable: 1
  m_OnCullStateChanged:
    m_PersistentCalls:
      m_Calls: []
  m_FontData:
    m_Font: {fileID: 12800000, guid: d5d529c76cf2a234aabb03f11ec05eea, type: 3}
    m_FontSize: 90
    m_FontStyle: 0
    m_BestFit: 0
    m_MinSize: 7
    m_MaxSize: 90
    m_Alignment: 1
    m_AlignByGeometry: 0
    m_RichText: 1
    m_HorizontalOverflow: 0
    m_VerticalOverflow: 0
    m_LineSpacing: 1
  m_Text: Keep it balanced!
--- !u!222 &661091573
CanvasRenderer:
  m_ObjectHideFlags: 0
  m_CorrespondingSourceObject: {fileID: 0}
  m_PrefabInstance: {fileID: 0}
  m_PrefabAsset: {fileID: 0}
  m_GameObject: {fileID: 661091568}
  m_CullTransparentMesh: 1
--- !u!1 &704593992
GameObject:
  m_ObjectHideFlags: 0
  m_CorrespondingSourceObject: {fileID: 0}
  m_PrefabInstance: {fileID: 0}
  m_PrefabAsset: {fileID: 0}
  serializedVersion: 6
  m_Component:
  - component: {fileID: 704593993}
  - component: {fileID: 704593994}
  m_Layer: 5
  m_Name: PlayerTips
  m_TagString: Untagged
  m_Icon: {fileID: 0}
  m_NavMeshLayer: 0
  m_StaticEditorFlags: 0
  m_IsActive: 1
--- !u!224 &704593993
RectTransform:
  m_ObjectHideFlags: 0
  m_CorrespondingSourceObject: {fileID: 0}
  m_PrefabInstance: {fileID: 0}
  m_PrefabAsset: {fileID: 0}
  m_GameObject: {fileID: 704593992}
  m_LocalRotation: {x: 0, y: 0, z: 0, w: 1}
  m_LocalPosition: {x: 0, y: 0, z: 0}
  m_LocalScale: {x: 1, y: 1, z: 1}
  m_Children:
  - {fileID: 1554668091}
  - {fileID: 661091569}
  m_Father: {fileID: 1596633205}
  m_RootOrder: 2
  m_LocalEulerAnglesHint: {x: 0, y: 0, z: 0}
  m_AnchorMin: {x: 0.5, y: 0.5}
  m_AnchorMax: {x: 0.5, y: 0.5}
  m_AnchoredPosition: {x: 0, y: 0}
  m_SizeDelta: {x: 100, y: 100}
  m_Pivot: {x: 0.5, y: 0.5}
--- !u!222 &704593994
CanvasRenderer:
  m_ObjectHideFlags: 0
  m_CorrespondingSourceObject: {fileID: 0}
  m_PrefabInstance: {fileID: 0}
  m_PrefabAsset: {fileID: 0}
  m_GameObject: {fileID: 704593992}
  m_CullTransparentMesh: 1
--- !u!114 &802839676 stripped
MonoBehaviour:
  m_CorrespondingSourceObject: {fileID: 4910900449339250525, guid: ffa7dc37a7295ea45af63b591ea7dbcb, type: 3}
  m_PrefabInstance: {fileID: 1300403196}
  m_PrefabAsset: {fileID: 0}
  m_GameObject: {fileID: 0}
  m_Enabled: 1
  m_EditorHideFlags: 0
  m_Script: {fileID: 11500000, guid: 67db9e8f0e2ae9c40bc1e2b64352a6b4, type: 3}
  m_Name: 
  m_EditorClassIdentifier: 
--- !u!1001 &944301341
PrefabInstance:
  m_ObjectHideFlags: 0
  serializedVersion: 2
  m_Modification:
    m_TransformParent: {fileID: 0}
    m_Modifications:
    - target: {fileID: 2757058510148785180, guid: e51831ffd33ea4840ae503c678e76f9e, type: 3}
      propertyPath: m_RootOrder
      value: 0
      objectReference: {fileID: 0}
    - target: {fileID: 2757058510148785180, guid: e51831ffd33ea4840ae503c678e76f9e, type: 3}
      propertyPath: m_LocalPosition.x
      value: 0
      objectReference: {fileID: 0}
    - target: {fileID: 2757058510148785180, guid: e51831ffd33ea4840ae503c678e76f9e, type: 3}
      propertyPath: m_LocalPosition.y
      value: 0
      objectReference: {fileID: 0}
    - target: {fileID: 2757058510148785180, guid: e51831ffd33ea4840ae503c678e76f9e, type: 3}
      propertyPath: m_LocalPosition.z
      value: 0
      objectReference: {fileID: 0}
    - target: {fileID: 2757058510148785180, guid: e51831ffd33ea4840ae503c678e76f9e, type: 3}
      propertyPath: m_LocalRotation.w
      value: 1
      objectReference: {fileID: 0}
    - target: {fileID: 2757058510148785180, guid: e51831ffd33ea4840ae503c678e76f9e, type: 3}
      propertyPath: m_LocalRotation.x
      value: 0
      objectReference: {fileID: 0}
    - target: {fileID: 2757058510148785180, guid: e51831ffd33ea4840ae503c678e76f9e, type: 3}
      propertyPath: m_LocalRotation.y
      value: 0
      objectReference: {fileID: 0}
    - target: {fileID: 2757058510148785180, guid: e51831ffd33ea4840ae503c678e76f9e, type: 3}
      propertyPath: m_LocalRotation.z
      value: 0
      objectReference: {fileID: 0}
    - target: {fileID: 2757058510148785180, guid: e51831ffd33ea4840ae503c678e76f9e, type: 3}
      propertyPath: m_LocalEulerAnglesHint.x
      value: 0
      objectReference: {fileID: 0}
    - target: {fileID: 2757058510148785180, guid: e51831ffd33ea4840ae503c678e76f9e, type: 3}
      propertyPath: m_LocalEulerAnglesHint.y
      value: 0
      objectReference: {fileID: 0}
    - target: {fileID: 2757058510148785180, guid: e51831ffd33ea4840ae503c678e76f9e, type: 3}
      propertyPath: m_LocalEulerAnglesHint.z
      value: 0
      objectReference: {fileID: 0}
    - target: {fileID: 6612760878634429121, guid: e51831ffd33ea4840ae503c678e76f9e, type: 3}
      propertyPath: m_Name
      value: CameraView
      objectReference: {fileID: 0}
    m_RemovedComponents: []
  m_SourcePrefab: {fileID: 100100000, guid: e51831ffd33ea4840ae503c678e76f9e, type: 3}
--- !u!20 &944301342 stripped
Camera:
  m_CorrespondingSourceObject: {fileID: 2748566779656835149, guid: e51831ffd33ea4840ae503c678e76f9e, type: 3}
  m_PrefabInstance: {fileID: 944301341}
  m_PrefabAsset: {fileID: 0}
--- !u!114 &1004982478 stripped
MonoBehaviour:
  m_CorrespondingSourceObject: {fileID: 4910900450350563847, guid: ffa7dc37a7295ea45af63b591ea7dbcb, type: 3}
  m_PrefabInstance: {fileID: 1300403196}
  m_PrefabAsset: {fileID: 0}
  m_GameObject: {fileID: 0}
  m_Enabled: 1
  m_EditorHideFlags: 0
  m_Script: {fileID: 11500000, guid: 5f7201a12d95ffc409449d95f23cf332, type: 3}
  m_Name: 
  m_EditorClassIdentifier: 
--- !u!114 &1119119834 stripped
MonoBehaviour:
  m_CorrespondingSourceObject: {fileID: 7418775099875884005, guid: 930633ced6c799742881667155fc74d1, type: 3}
  m_PrefabInstance: {fileID: 7418775100975551039}
  m_PrefabAsset: {fileID: 0}
  m_GameObject: {fileID: 0}
  m_Enabled: 1
  m_EditorHideFlags: 0
  m_Script: {fileID: 11500000, guid: ae5893d6e08453f4289c7cb856c0df16, type: 3}
  m_Name: 
  m_EditorClassIdentifier: 
--- !u!1001 &1300403196
PrefabInstance:
  m_ObjectHideFlags: 0
  serializedVersion: 2
  m_Modification:
    m_TransformParent: {fileID: 0}
    m_Modifications:
    - target: {fileID: 4910900449311349598, guid: ffa7dc37a7295ea45af63b591ea7dbcb, type: 3}
      propertyPath: m_OnClick.m_PersistentCalls.m_Calls.Array.size
      value: 3
      objectReference: {fileID: 0}
    - target: {fileID: 4910900449311349598, guid: ffa7dc37a7295ea45af63b591ea7dbcb, type: 3}
      propertyPath: m_OnClick.m_PersistentCalls.m_Calls.Array.data[1].m_Mode
      value: 1
      objectReference: {fileID: 0}
    - target: {fileID: 4910900449311349598, guid: ffa7dc37a7295ea45af63b591ea7dbcb, type: 3}
      propertyPath: m_OnClick.m_PersistentCalls.m_Calls.Array.data[2].m_Mode
      value: 6
      objectReference: {fileID: 0}
    - target: {fileID: 4910900449311349598, guid: ffa7dc37a7295ea45af63b591ea7dbcb, type: 3}
      propertyPath: m_OnClick.m_PersistentCalls.m_Calls.Array.data[1].m_Target
      value: 
      objectReference: {fileID: 41366248}
    - target: {fileID: 4910900449311349598, guid: ffa7dc37a7295ea45af63b591ea7dbcb, type: 3}
      propertyPath: m_OnClick.m_PersistentCalls.m_Calls.Array.data[2].m_Target
      value: 
      objectReference: {fileID: 439222226}
    - target: {fileID: 4910900449311349598, guid: ffa7dc37a7295ea45af63b591ea7dbcb, type: 3}
      propertyPath: m_OnClick.m_PersistentCalls.m_Calls.Array.data[1].m_CallState
      value: 2
      objectReference: {fileID: 0}
    - target: {fileID: 4910900449311349598, guid: ffa7dc37a7295ea45af63b591ea7dbcb, type: 3}
      propertyPath: m_OnClick.m_PersistentCalls.m_Calls.Array.data[2].m_CallState
      value: 2
      objectReference: {fileID: 0}
    - target: {fileID: 4910900449311349598, guid: ffa7dc37a7295ea45af63b591ea7dbcb, type: 3}
      propertyPath: m_OnClick.m_PersistentCalls.m_Calls.Array.data[1].m_MethodName
      value: PauseGame
      objectReference: {fileID: 0}
    - target: {fileID: 4910900449311349598, guid: ffa7dc37a7295ea45af63b591ea7dbcb, type: 3}
      propertyPath: m_OnClick.m_PersistentCalls.m_Calls.Array.data[2].m_MethodName
      value: SetPause
      objectReference: {fileID: 0}
    - target: {fileID: 4910900449311349598, guid: ffa7dc37a7295ea45af63b591ea7dbcb, type: 3}
      propertyPath: m_OnClick.m_PersistentCalls.m_Calls.Array.data[1].m_TargetAssemblyTypeName
      value: AMinigameManager, Assembly-CSharp
      objectReference: {fileID: 0}
    - target: {fileID: 4910900449311349598, guid: ffa7dc37a7295ea45af63b591ea7dbcb, type: 3}
      propertyPath: m_OnClick.m_PersistentCalls.m_Calls.Array.data[2].m_TargetAssemblyTypeName
      value: PauseGameScreenController, Assembly-CSharp
      objectReference: {fileID: 0}
    - target: {fileID: 4910900449311349598, guid: ffa7dc37a7295ea45af63b591ea7dbcb, type: 3}
      propertyPath: m_OnClick.m_PersistentCalls.m_Calls.Array.data[2].m_Arguments.m_BoolArgument
      value: 1
      objectReference: {fileID: 0}
    - target: {fileID: 4910900449311349598, guid: ffa7dc37a7295ea45af63b591ea7dbcb, type: 3}
      propertyPath: m_OnClick.m_PersistentCalls.m_Calls.Array.data[1].m_Arguments.m_ObjectArgumentAssemblyTypeName
      value: UnityEngine.Object, UnityEngine
      objectReference: {fileID: 0}
    - target: {fileID: 4910900449311349598, guid: ffa7dc37a7295ea45af63b591ea7dbcb, type: 3}
      propertyPath: m_OnClick.m_PersistentCalls.m_Calls.Array.data[2].m_Arguments.m_ObjectArgumentAssemblyTypeName
      value: UnityEngine.Object, UnityEngine
      objectReference: {fileID: 0}
    - target: {fileID: 4910900449311349599, guid: ffa7dc37a7295ea45af63b591ea7dbcb, type: 3}
      propertyPath: m_AnchorMax.y
      value: 0
      objectReference: {fileID: 0}
    - target: {fileID: 4910900449311349599, guid: ffa7dc37a7295ea45af63b591ea7dbcb, type: 3}
      propertyPath: m_AnchorMin.y
      value: 0
      objectReference: {fileID: 0}
    - target: {fileID: 4910900449311349599, guid: ffa7dc37a7295ea45af63b591ea7dbcb, type: 3}
      propertyPath: m_AnchoredPosition.x
      value: 0
      objectReference: {fileID: 0}
    - target: {fileID: 4910900449311349599, guid: ffa7dc37a7295ea45af63b591ea7dbcb, type: 3}
      propertyPath: m_AnchoredPosition.y
      value: 0
      objectReference: {fileID: 0}
    - target: {fileID: 4910900449339250526, guid: ffa7dc37a7295ea45af63b591ea7dbcb, type: 3}
      propertyPath: m_AnchorMax.y
      value: 0
      objectReference: {fileID: 0}
    - target: {fileID: 4910900449339250526, guid: ffa7dc37a7295ea45af63b591ea7dbcb, type: 3}
      propertyPath: m_AnchorMin.y
      value: 0
      objectReference: {fileID: 0}
    - target: {fileID: 4910900449339250526, guid: ffa7dc37a7295ea45af63b591ea7dbcb, type: 3}
      propertyPath: m_AnchoredPosition.x
      value: 0
      objectReference: {fileID: 0}
    - target: {fileID: 4910900449339250526, guid: ffa7dc37a7295ea45af63b591ea7dbcb, type: 3}
      propertyPath: m_AnchoredPosition.y
      value: 0
      objectReference: {fileID: 0}
    - target: {fileID: 4910900449469798933, guid: ffa7dc37a7295ea45af63b591ea7dbcb, type: 3}
      propertyPath: m_Name
      value: MinigameUI
      objectReference: {fileID: 0}
    - target: {fileID: 4910900449469798933, guid: ffa7dc37a7295ea45af63b591ea7dbcb, type: 3}
      propertyPath: m_IsActive
      value: 1
      objectReference: {fileID: 0}
    - target: {fileID: 4910900449469798938, guid: ffa7dc37a7295ea45af63b591ea7dbcb, type: 3}
      propertyPath: m_Pivot.x
      value: 0
      objectReference: {fileID: 0}
    - target: {fileID: 4910900449469798938, guid: ffa7dc37a7295ea45af63b591ea7dbcb, type: 3}
      propertyPath: m_Pivot.y
      value: 0
      objectReference: {fileID: 0}
    - target: {fileID: 4910900449469798938, guid: ffa7dc37a7295ea45af63b591ea7dbcb, type: 3}
      propertyPath: m_RootOrder
      value: 9
      objectReference: {fileID: 0}
    - target: {fileID: 4910900449469798938, guid: ffa7dc37a7295ea45af63b591ea7dbcb, type: 3}
      propertyPath: m_AnchorMax.x
      value: 0
      objectReference: {fileID: 0}
    - target: {fileID: 4910900449469798938, guid: ffa7dc37a7295ea45af63b591ea7dbcb, type: 3}
      propertyPath: m_AnchorMax.y
      value: 0
      objectReference: {fileID: 0}
    - target: {fileID: 4910900449469798938, guid: ffa7dc37a7295ea45af63b591ea7dbcb, type: 3}
      propertyPath: m_AnchorMin.x
      value: 0
      objectReference: {fileID: 0}
    - target: {fileID: 4910900449469798938, guid: ffa7dc37a7295ea45af63b591ea7dbcb, type: 3}
      propertyPath: m_AnchorMin.y
      value: 0
      objectReference: {fileID: 0}
    - target: {fileID: 4910900449469798938, guid: ffa7dc37a7295ea45af63b591ea7dbcb, type: 3}
      propertyPath: m_SizeDelta.x
      value: 0
      objectReference: {fileID: 0}
    - target: {fileID: 4910900449469798938, guid: ffa7dc37a7295ea45af63b591ea7dbcb, type: 3}
      propertyPath: m_SizeDelta.y
      value: 0
      objectReference: {fileID: 0}
    - target: {fileID: 4910900449469798938, guid: ffa7dc37a7295ea45af63b591ea7dbcb, type: 3}
      propertyPath: m_LocalPosition.x
      value: 0
      objectReference: {fileID: 0}
    - target: {fileID: 4910900449469798938, guid: ffa7dc37a7295ea45af63b591ea7dbcb, type: 3}
      propertyPath: m_LocalPosition.y
      value: 0
      objectReference: {fileID: 0}
    - target: {fileID: 4910900449469798938, guid: ffa7dc37a7295ea45af63b591ea7dbcb, type: 3}
      propertyPath: m_LocalPosition.z
      value: 0
      objectReference: {fileID: 0}
    - target: {fileID: 4910900449469798938, guid: ffa7dc37a7295ea45af63b591ea7dbcb, type: 3}
      propertyPath: m_LocalRotation.w
      value: 1
      objectReference: {fileID: 0}
    - target: {fileID: 4910900449469798938, guid: ffa7dc37a7295ea45af63b591ea7dbcb, type: 3}
      propertyPath: m_LocalRotation.x
      value: 0
      objectReference: {fileID: 0}
    - target: {fileID: 4910900449469798938, guid: ffa7dc37a7295ea45af63b591ea7dbcb, type: 3}
      propertyPath: m_LocalRotation.y
      value: 0
      objectReference: {fileID: 0}
    - target: {fileID: 4910900449469798938, guid: ffa7dc37a7295ea45af63b591ea7dbcb, type: 3}
      propertyPath: m_LocalRotation.z
      value: 0
      objectReference: {fileID: 0}
    - target: {fileID: 4910900449469798938, guid: ffa7dc37a7295ea45af63b591ea7dbcb, type: 3}
      propertyPath: m_AnchoredPosition.x
      value: 0
      objectReference: {fileID: 0}
    - target: {fileID: 4910900449469798938, guid: ffa7dc37a7295ea45af63b591ea7dbcb, type: 3}
      propertyPath: m_AnchoredPosition.y
      value: 0
      objectReference: {fileID: 0}
    - target: {fileID: 4910900449469798938, guid: ffa7dc37a7295ea45af63b591ea7dbcb, type: 3}
      propertyPath: m_LocalEulerAnglesHint.x
      value: 0
      objectReference: {fileID: 0}
    - target: {fileID: 4910900449469798938, guid: ffa7dc37a7295ea45af63b591ea7dbcb, type: 3}
      propertyPath: m_LocalEulerAnglesHint.y
      value: 0
      objectReference: {fileID: 0}
    - target: {fileID: 4910900449469798938, guid: ffa7dc37a7295ea45af63b591ea7dbcb, type: 3}
      propertyPath: m_LocalEulerAnglesHint.z
      value: 0
      objectReference: {fileID: 0}
    - target: {fileID: 4910900449469798939, guid: ffa7dc37a7295ea45af63b591ea7dbcb, type: 3}
      propertyPath: m_Camera
      value: 
      objectReference: {fileID: 944301342}
    - target: {fileID: 4910900450146923835, guid: ffa7dc37a7295ea45af63b591ea7dbcb, type: 3}
      propertyPath: m_AnchorMax.x
      value: 0
      objectReference: {fileID: 0}
    - target: {fileID: 4910900450146923835, guid: ffa7dc37a7295ea45af63b591ea7dbcb, type: 3}
      propertyPath: m_AnchorMax.y
      value: 0
      objectReference: {fileID: 0}
    - target: {fileID: 4910900450350563841, guid: ffa7dc37a7295ea45af63b591ea7dbcb, type: 3}
      propertyPath: m_AnchorMax.y
      value: 0
      objectReference: {fileID: 0}
    - target: {fileID: 4910900450350563841, guid: ffa7dc37a7295ea45af63b591ea7dbcb, type: 3}
      propertyPath: m_AnchorMin.y
      value: 0
      objectReference: {fileID: 0}
    - target: {fileID: 4910900450350563841, guid: ffa7dc37a7295ea45af63b591ea7dbcb, type: 3}
      propertyPath: m_AnchoredPosition.x
      value: 0
      objectReference: {fileID: 0}
    - target: {fileID: 4910900450350563841, guid: ffa7dc37a7295ea45af63b591ea7dbcb, type: 3}
      propertyPath: m_AnchoredPosition.y
      value: 0
      objectReference: {fileID: 0}
    - target: {fileID: 5070460753863824108, guid: ffa7dc37a7295ea45af63b591ea7dbcb, type: 3}
      propertyPath: m_AnchoredPosition.x
      value: 96.66666
      objectReference: {fileID: 0}
    - target: {fileID: 6990113100887856964, guid: ffa7dc37a7295ea45af63b591ea7dbcb, type: 3}
      propertyPath: m_OnClick.m_PersistentCalls.m_Calls.Array.size
      value: 2
      objectReference: {fileID: 0}
    - target: {fileID: 6990113100887856964, guid: ffa7dc37a7295ea45af63b591ea7dbcb, type: 3}
      propertyPath: m_OnClick.m_PersistentCalls.m_Calls.Array.data[1].m_Mode
      value: 1
      objectReference: {fileID: 0}
    - target: {fileID: 6990113100887856964, guid: ffa7dc37a7295ea45af63b591ea7dbcb, type: 3}
      propertyPath: m_OnClick.m_PersistentCalls.m_Calls.Array.data[1].m_Target
      value: 
      objectReference: {fileID: 41366248}
    - target: {fileID: 6990113100887856964, guid: ffa7dc37a7295ea45af63b591ea7dbcb, type: 3}
      propertyPath: m_OnClick.m_PersistentCalls.m_Calls.Array.data[1].m_CallState
      value: 2
      objectReference: {fileID: 0}
    - target: {fileID: 6990113100887856964, guid: ffa7dc37a7295ea45af63b591ea7dbcb, type: 3}
      propertyPath: m_OnClick.m_PersistentCalls.m_Calls.Array.data[1].m_MethodName
      value: ResumeGame
      objectReference: {fileID: 0}
    - target: {fileID: 6990113100887856964, guid: ffa7dc37a7295ea45af63b591ea7dbcb, type: 3}
      propertyPath: m_OnClick.m_PersistentCalls.m_Calls.Array.data[1].m_TargetAssemblyTypeName
      value: AMinigameManager, Assembly-CSharp
      objectReference: {fileID: 0}
    - target: {fileID: 6990113100887856964, guid: ffa7dc37a7295ea45af63b591ea7dbcb, type: 3}
      propertyPath: m_OnClick.m_PersistentCalls.m_Calls.Array.data[1].m_Arguments.m_ObjectArgumentAssemblyTypeName
      value: UnityEngine.Object, UnityEngine
      objectReference: {fileID: 0}
    m_RemovedComponents: []
  m_SourcePrefab: {fileID: 100100000, guid: ffa7dc37a7295ea45af63b591ea7dbcb, type: 3}
--- !u!1 &1363316821
GameObject:
  m_ObjectHideFlags: 0
  m_CorrespondingSourceObject: {fileID: 0}
  m_PrefabInstance: {fileID: 0}
  m_PrefabAsset: {fileID: 0}
  serializedVersion: 6
  m_Component:
  - component: {fileID: 1363316822}
  - component: {fileID: 1363316825}
  - component: {fileID: 1363316824}
  - component: {fileID: 1363316823}
  m_Layer: 0
  m_Name: Image
  m_TagString: Untagged
  m_Icon: {fileID: 0}
  m_NavMeshLayer: 0
  m_StaticEditorFlags: 0
  m_IsActive: 1
--- !u!224 &1363316822
RectTransform:
  m_ObjectHideFlags: 0
  m_CorrespondingSourceObject: {fileID: 0}
  m_PrefabInstance: {fileID: 0}
  m_PrefabAsset: {fileID: 0}
  m_GameObject: {fileID: 1363316821}
  m_LocalRotation: {x: -0, y: -0, z: -0, w: 1}
  m_LocalPosition: {x: 0, y: 0, z: 0}
  m_LocalScale: {x: 1, y: 1, z: 1}
  m_Children: []
  m_Father: {fileID: 1871039891}
  m_RootOrder: 0
  m_LocalEulerAnglesHint: {x: 0, y: 0, z: 0}
  m_AnchorMin: {x: 0, y: 0}
  m_AnchorMax: {x: 1, y: 1}
  m_AnchoredPosition: {x: 0, y: 0}
  m_SizeDelta: {x: 0, y: 0}
  m_Pivot: {x: 0.5, y: 0.5}
--- !u!114 &1363316823
MonoBehaviour:
  m_ObjectHideFlags: 0
  m_CorrespondingSourceObject: {fileID: 0}
  m_PrefabInstance: {fileID: 0}
  m_PrefabAsset: {fileID: 0}
  m_GameObject: {fileID: 1363316821}
  m_Enabled: 0
  m_EditorHideFlags: 0
  m_Script: {fileID: 11500000, guid: 86710e43de46f6f4bac7c8e50813a599, type: 3}
  m_Name: 
  m_EditorClassIdentifier: 
  m_AspectMode: 4
  m_AspectRatio: 1.7326565
--- !u!114 &1363316824
MonoBehaviour:
  m_ObjectHideFlags: 0
  m_CorrespondingSourceObject: {fileID: 0}
  m_PrefabInstance: {fileID: 0}
  m_PrefabAsset: {fileID: 0}
  m_GameObject: {fileID: 1363316821}
  m_Enabled: 1
  m_EditorHideFlags: 0
  m_Script: {fileID: 11500000, guid: fe87c0e1cc204ed48ad3b37840f39efc, type: 3}
  m_Name: 
  m_EditorClassIdentifier: 
  m_Material: {fileID: 0}
  m_Color: {r: 1, g: 1, b: 1, a: 1}
  m_RaycastTarget: 0
  m_RaycastPadding: {x: 0, y: 0, z: 0, w: 0}
  m_Maskable: 0
  m_OnCullStateChanged:
    m_PersistentCalls:
      m_Calls: []
  m_Sprite: {fileID: 21300000, guid: f38b99bcc11899c4eb26fe97c561f9b7, type: 3}
  m_Type: 0
  m_PreserveAspect: 0
  m_FillCenter: 1
  m_FillMethod: 4
  m_FillAmount: 1
  m_FillClockwise: 1
  m_FillOrigin: 0
  m_UseSpriteMesh: 0
  m_PixelsPerUnitMultiplier: 1
--- !u!222 &1363316825
CanvasRenderer:
  m_ObjectHideFlags: 0
  m_CorrespondingSourceObject: {fileID: 0}
  m_PrefabInstance: {fileID: 0}
  m_PrefabAsset: {fileID: 0}
  m_GameObject: {fileID: 1363316821}
  m_CullTransparentMesh: 1
--- !u!1001 &1363937470
PrefabInstance:
  m_ObjectHideFlags: 0
  serializedVersion: 2
  m_Modification:
    m_TransformParent: {fileID: 0}
    m_Modifications:
    - target: {fileID: 5850118384032326633, guid: 9f445aa01656a154e9d65facad06087a, type: 3}
      propertyPath: m_RootOrder
      value: 3
      objectReference: {fileID: 0}
    - target: {fileID: 5850118384032326633, guid: 9f445aa01656a154e9d65facad06087a, type: 3}
      propertyPath: m_LocalPosition.x
      value: -4.27
      objectReference: {fileID: 0}
    - target: {fileID: 5850118384032326633, guid: 9f445aa01656a154e9d65facad06087a, type: 3}
      propertyPath: m_LocalPosition.y
      value: 1.1
      objectReference: {fileID: 0}
    - target: {fileID: 5850118384032326633, guid: 9f445aa01656a154e9d65facad06087a, type: 3}
      propertyPath: m_LocalPosition.z
      value: 0
      objectReference: {fileID: 0}
    - target: {fileID: 5850118384032326633, guid: 9f445aa01656a154e9d65facad06087a, type: 3}
      propertyPath: m_LocalRotation.w
      value: 1
      objectReference: {fileID: 0}
    - target: {fileID: 5850118384032326633, guid: 9f445aa01656a154e9d65facad06087a, type: 3}
      propertyPath: m_LocalRotation.x
      value: 0
      objectReference: {fileID: 0}
    - target: {fileID: 5850118384032326633, guid: 9f445aa01656a154e9d65facad06087a, type: 3}
      propertyPath: m_LocalRotation.y
      value: 0
      objectReference: {fileID: 0}
    - target: {fileID: 5850118384032326633, guid: 9f445aa01656a154e9d65facad06087a, type: 3}
      propertyPath: m_LocalRotation.z
      value: 0
      objectReference: {fileID: 0}
    - target: {fileID: 5850118384032326633, guid: 9f445aa01656a154e9d65facad06087a, type: 3}
      propertyPath: m_LocalEulerAnglesHint.x
      value: 0
      objectReference: {fileID: 0}
    - target: {fileID: 5850118384032326633, guid: 9f445aa01656a154e9d65facad06087a, type: 3}
      propertyPath: m_LocalEulerAnglesHint.y
      value: 0
      objectReference: {fileID: 0}
    - target: {fileID: 5850118384032326633, guid: 9f445aa01656a154e9d65facad06087a, type: 3}
      propertyPath: m_LocalEulerAnglesHint.z
      value: 0
      objectReference: {fileID: 0}
    - target: {fileID: 5850118384032326636, guid: 9f445aa01656a154e9d65facad06087a, type: 3}
      propertyPath: m_Name
      value: LoseCollision (1)
      objectReference: {fileID: 0}
    m_RemovedComponents: []
  m_SourcePrefab: {fileID: 100100000, guid: 9f445aa01656a154e9d65facad06087a, type: 3}
--- !u!114 &1399083158 stripped
MonoBehaviour:
  m_CorrespondingSourceObject: {fileID: 4910900449311349598, guid: ffa7dc37a7295ea45af63b591ea7dbcb, type: 3}
  m_PrefabInstance: {fileID: 1300403196}
  m_PrefabAsset: {fileID: 0}
  m_GameObject: {fileID: 0}
  m_Enabled: 1
  m_EditorHideFlags: 0
  m_Script: {fileID: 11500000, guid: 4e29b1a8efbd4b44bb3f3716e73f07ff, type: 3}
  m_Name: 
  m_EditorClassIdentifier: 
--- !u!1 &1554668090
GameObject:
  m_ObjectHideFlags: 0
  m_CorrespondingSourceObject: {fileID: 0}
  m_PrefabInstance: {fileID: 0}
  m_PrefabAsset: {fileID: 0}
  serializedVersion: 6
  m_Component:
  - component: {fileID: 1554668091}
  - component: {fileID: 1554668093}
  - component: {fileID: 1554668092}
  m_Layer: 0
  m_Name: PlayerTip
  m_TagString: Untagged
  m_Icon: {fileID: 0}
  m_NavMeshLayer: 0
  m_StaticEditorFlags: 0
  m_IsActive: 1
--- !u!224 &1554668091
RectTransform:
  m_ObjectHideFlags: 0
  m_CorrespondingSourceObject: {fileID: 0}
  m_PrefabInstance: {fileID: 0}
  m_PrefabAsset: {fileID: 0}
  m_GameObject: {fileID: 1554668090}
  m_LocalRotation: {x: -0, y: -0, z: -0, w: 1}
  m_LocalPosition: {x: 0, y: 0, z: 0}
  m_LocalScale: {x: 640.7218, y: 634.0788, z: 108}
  m_Children: []
  m_Father: {fileID: 704593993}
  m_RootOrder: 0
  m_LocalEulerAnglesHint: {x: 0, y: 0, z: 0}
  m_AnchorMin: {x: 0.5, y: 0.5}
  m_AnchorMax: {x: 0.5, y: 0.5}
  m_AnchoredPosition: {x: 13, y: -31}
  m_SizeDelta: {x: 1, y: 0.57}
  m_Pivot: {x: 0.5, y: 0.5}
--- !u!114 &1554668092
MonoBehaviour:
  m_ObjectHideFlags: 0
  m_CorrespondingSourceObject: {fileID: 0}
  m_PrefabInstance: {fileID: 0}
  m_PrefabAsset: {fileID: 0}
  m_GameObject: {fileID: 1554668090}
  m_Enabled: 1
  m_EditorHideFlags: 0
  m_Script: {fileID: 11500000, guid: fe87c0e1cc204ed48ad3b37840f39efc, type: 3}
  m_Name: 
  m_EditorClassIdentifier: 
  m_Material: {fileID: 0}
  m_Color: {r: 1, g: 1, b: 1, a: 1}
  m_RaycastTarget: 1
  m_RaycastPadding: {x: 0, y: 0, z: 0, w: 0}
  m_Maskable: 1
  m_OnCullStateChanged:
    m_PersistentCalls:
      m_Calls: []
  m_Sprite: {fileID: 21300000, guid: 2c9accd3f51885e4b9893581bcd16814, type: 3}
  m_Type: 0
  m_PreserveAspect: 0
  m_FillCenter: 1
  m_FillMethod: 4
  m_FillAmount: 1
  m_FillClockwise: 1
  m_FillOrigin: 0
  m_UseSpriteMesh: 0
  m_PixelsPerUnitMultiplier: 1
--- !u!222 &1554668093
CanvasRenderer:
  m_ObjectHideFlags: 0
  m_CorrespondingSourceObject: {fileID: 0}
  m_PrefabInstance: {fileID: 0}
  m_PrefabAsset: {fileID: 0}
  m_GameObject: {fileID: 1554668090}
  m_CullTransparentMesh: 1
--- !u!114 &1595404822 stripped
MonoBehaviour:
  m_CorrespondingSourceObject: {fileID: 7418775100356223017, guid: 930633ced6c799742881667155fc74d1, type: 3}
  m_PrefabInstance: {fileID: 7418775100975551039}
  m_PrefabAsset: {fileID: 0}
  m_GameObject: {fileID: 0}
  m_Enabled: 1
  m_EditorHideFlags: 0
  m_Script: {fileID: 11500000, guid: fbe8d714fbb00f249a18d9b4350cf7f1, type: 3}
  m_Name: 
  m_EditorClassIdentifier: 
--- !u!224 &1596633205 stripped
RectTransform:
  m_CorrespondingSourceObject: {fileID: 6949919876143858990, guid: 6857b0153d07cd1448cdcaf5c8045a7b, type: 3}
  m_PrefabInstance: {fileID: 6949919876707832561}
  m_PrefabAsset: {fileID: 0}
--- !u!114 &1704269114 stripped
MonoBehaviour:
  m_CorrespondingSourceObject: {fileID: 4910900451149346978, guid: ffa7dc37a7295ea45af63b591ea7dbcb, type: 3}
  m_PrefabInstance: {fileID: 1300403196}
  m_PrefabAsset: {fileID: 0}
  m_GameObject: {fileID: 0}
  m_Enabled: 1
  m_EditorHideFlags: 0
  m_Script: {fileID: 11500000, guid: 5193197359310c349ab66e0d6b87704d, type: 3}
  m_Name: 
  m_EditorClassIdentifier: 
--- !u!1 &1838459907
GameObject:
  m_ObjectHideFlags: 0
  m_CorrespondingSourceObject: {fileID: 0}
  m_PrefabInstance: {fileID: 0}
  m_PrefabAsset: {fileID: 0}
  serializedVersion: 6
  m_Component:
  - component: {fileID: 1838459910}
  - component: {fileID: 1838459909}
  - component: {fileID: 1838459908}
  m_Layer: 0
  m_Name: EventSystem
  m_TagString: Untagged
  m_Icon: {fileID: 0}
  m_NavMeshLayer: 0
  m_StaticEditorFlags: 0
  m_IsActive: 1
--- !u!114 &1838459908
MonoBehaviour:
  m_ObjectHideFlags: 0
  m_CorrespondingSourceObject: {fileID: 0}
  m_PrefabInstance: {fileID: 0}
  m_PrefabAsset: {fileID: 0}
  m_GameObject: {fileID: 1838459907}
  m_Enabled: 1
  m_EditorHideFlags: 0
  m_Script: {fileID: 11500000, guid: 4f231c4fb786f3946a6b90b886c48677, type: 3}
  m_Name: 
  m_EditorClassIdentifier: 
  m_HorizontalAxis: Horizontal
  m_VerticalAxis: Vertical
  m_SubmitButton: Submit
  m_CancelButton: Cancel
  m_InputActionsPerSecond: 10
  m_RepeatDelay: 0.5
  m_ForceModuleActive: 0
--- !u!114 &1838459909
MonoBehaviour:
  m_ObjectHideFlags: 0
  m_CorrespondingSourceObject: {fileID: 0}
  m_PrefabInstance: {fileID: 0}
  m_PrefabAsset: {fileID: 0}
  m_GameObject: {fileID: 1838459907}
  m_Enabled: 1
  m_EditorHideFlags: 0
  m_Script: {fileID: 11500000, guid: 76c392e42b5098c458856cdf6ecaaaa1, type: 3}
  m_Name: 
  m_EditorClassIdentifier: 
  m_FirstSelected: {fileID: 0}
  m_sendNavigationEvents: 1
  m_DragThreshold: 10
--- !u!4 &1838459910
Transform:
  m_ObjectHideFlags: 0
  m_CorrespondingSourceObject: {fileID: 0}
  m_PrefabInstance: {fileID: 0}
  m_PrefabAsset: {fileID: 0}
  m_GameObject: {fileID: 1838459907}
  m_LocalRotation: {x: 0, y: 0, z: 0, w: 1}
  m_LocalPosition: {x: 0, y: 0, z: 0}
  m_LocalScale: {x: 1, y: 1, z: 1}
  m_Children: []
  m_Father: {fileID: 0}
  m_RootOrder: 10
  m_LocalEulerAnglesHint: {x: 0, y: 0, z: 0}
--- !u!1 &1871039888
GameObject:
  m_ObjectHideFlags: 0
  m_CorrespondingSourceObject: {fileID: 0}
  m_PrefabInstance: {fileID: 0}
  m_PrefabAsset: {fileID: 0}
  serializedVersion: 6
  m_Component:
  - component: {fileID: 1871039891}
  - component: {fileID: 1871039890}
  - component: {fileID: 1871039889}
  m_Layer: 0
  m_Name: Background
  m_TagString: Untagged
  m_Icon: {fileID: 0}
  m_NavMeshLayer: 0
  m_StaticEditorFlags: 0
  m_IsActive: 1
--- !u!114 &1871039889
MonoBehaviour:
  m_ObjectHideFlags: 0
  m_CorrespondingSourceObject: {fileID: 0}
  m_PrefabInstance: {fileID: 0}
  m_PrefabAsset: {fileID: 0}
  m_GameObject: {fileID: 1871039888}
  m_Enabled: 1
  m_EditorHideFlags: 0
  m_Script: {fileID: 11500000, guid: 0cd44c1031e13a943bb63640046fad76, type: 3}
  m_Name: 
  m_EditorClassIdentifier: 
  m_UiScaleMode: 1
  m_ReferencePixelsPerUnit: 100
  m_ScaleFactor: 1
  m_ReferenceResolution: {x: 1920, y: 1080}
  m_ScreenMatchMode: 0
  m_MatchWidthOrHeight: 0
  m_PhysicalUnit: 3
  m_FallbackScreenDPI: 96
  m_DefaultSpriteDPI: 96
  m_DynamicPixelsPerUnit: 0.1
  m_PresetInfoIsWorld: 0
--- !u!223 &1871039890
Canvas:
  m_ObjectHideFlags: 0
  m_CorrespondingSourceObject: {fileID: 0}
  m_PrefabInstance: {fileID: 0}
  m_PrefabAsset: {fileID: 0}
  m_GameObject: {fileID: 1871039888}
  m_Enabled: 1
  serializedVersion: 3
  m_RenderMode: 1
  m_Camera: {fileID: 944301342}
  m_PlaneDistance: 100
  m_PixelPerfect: 1
  m_ReceivesEvents: 1
  m_OverrideSorting: 0
  m_OverridePixelPerfect: 0
  m_SortingBucketNormalizedSize: 0
  m_AdditionalShaderChannelsFlag: 25
  m_SortingLayerID: 0
  m_SortingOrder: -1
  m_TargetDisplay: 0
--- !u!224 &1871039891
RectTransform:
  m_ObjectHideFlags: 0
  m_CorrespondingSourceObject: {fileID: 0}
  m_PrefabInstance: {fileID: 0}
  m_PrefabAsset: {fileID: 0}
  m_GameObject: {fileID: 1871039888}
  m_LocalRotation: {x: 0, y: 0, z: 0, w: 1}
  m_LocalPosition: {x: 0, y: 0, z: 0}
  m_LocalScale: {x: 0, y: 0, z: 0}
  m_Children:
  - {fileID: 1363316822}
  m_Father: {fileID: 0}
  m_RootOrder: 8
  m_LocalEulerAnglesHint: {x: 0, y: 0, z: 0}
  m_AnchorMin: {x: 0, y: 0}
  m_AnchorMax: {x: 0, y: 0}
  m_AnchoredPosition: {x: 0, y: 0}
  m_SizeDelta: {x: 0, y: 0}
  m_Pivot: {x: 0, y: 0}
--- !u!1 &2088349518
GameObject:
  m_ObjectHideFlags: 0
  m_CorrespondingSourceObject: {fileID: 0}
  m_PrefabInstance: {fileID: 0}
  m_PrefabAsset: {fileID: 0}
  serializedVersion: 6
  m_Component:
  - component: {fileID: 2088349519}
  - component: {fileID: 2088349520}
  m_Layer: 0
  m_Name: BalanceBody
  m_TagString: Untagged
  m_Icon: {fileID: 0}
  m_NavMeshLayer: 0
  m_StaticEditorFlags: 0
  m_IsActive: 1
--- !u!4 &2088349519
Transform:
  m_ObjectHideFlags: 0
  m_CorrespondingSourceObject: {fileID: 0}
  m_PrefabInstance: {fileID: 0}
  m_PrefabAsset: {fileID: 0}
  m_GameObject: {fileID: 2088349518}
  m_LocalRotation: {x: -0, y: -0, z: -0, w: 1}
  m_LocalPosition: {x: 0.08, y: -0.24999988, z: 1}
  m_LocalScale: {x: 1.9704837, y: 1.6901083, z: 1}
  m_Children: []
  m_Father: {fileID: 0}
  m_RootOrder: 1
  m_LocalEulerAnglesHint: {x: 0, y: 0, z: 0}
--- !u!212 &2088349520
SpriteRenderer:
  m_ObjectHideFlags: 0
  m_CorrespondingSourceObject: {fileID: 0}
  m_PrefabInstance: {fileID: 0}
  m_PrefabAsset: {fileID: 0}
  m_GameObject: {fileID: 2088349518}
  m_Enabled: 1
  m_CastShadows: 0
  m_ReceiveShadows: 0
  m_DynamicOccludee: 1
  m_MotionVectors: 1
  m_LightProbeUsage: 1
  m_ReflectionProbeUsage: 1
  m_RayTracingMode: 0
  m_RayTraceProcedural: 0
  m_RenderingLayerMask: 1
  m_RendererPriority: 0
  m_Materials:
  - {fileID: 10754, guid: 0000000000000000f000000000000000, type: 0}
  m_StaticBatchInfo:
    firstSubMesh: 0
    subMeshCount: 0
  m_StaticBatchRoot: {fileID: 0}
  m_ProbeAnchor: {fileID: 0}
  m_LightProbeVolumeOverride: {fileID: 0}
  m_ScaleInLightmap: 1
  m_ReceiveGI: 1
  m_PreserveUVs: 0
  m_IgnoreNormalsForChartDetection: 0
  m_ImportantGI: 0
  m_StitchLightmapSeams: 1
  m_SelectedEditorRenderState: 0
  m_MinimumChartSize: 4
  m_AutoUVMaxDistance: 0.5
  m_AutoUVMaxAngle: 89
  m_LightmapParameters: {fileID: 0}
  m_SortingLayerID: 0
  m_SortingLayer: 0
  m_SortingOrder: 0
  m_Sprite: {fileID: 21300000, guid: f04e9a12f262dfe4892965dcb627443c, type: 3}
  m_Color: {r: 1, g: 1, b: 1, a: 1}
  m_FlipX: 0
  m_FlipY: 0
  m_DrawMode: 0
  m_Size: {x: 6.05, y: 5.6}
  m_AdaptiveModeThreshold: 0.5
  m_SpriteTileMode: 0
  m_WasSpriteAssigned: 1
  m_MaskInteraction: 0
  m_SpriteSortPoint: 0
--- !u!1001 &5659923397619591995
PrefabInstance:
  m_ObjectHideFlags: 0
  serializedVersion: 2
  m_Modification:
    m_TransformParent: {fileID: 0}
    m_Modifications:
    - target: {fileID: 5659923398326344584, guid: 95733caa69884ac4da6f1213673498a2, type: 3}
      propertyPath: m_RootOrder
      value: 4
      objectReference: {fileID: 0}
    - target: {fileID: 5659923398326344584, guid: 95733caa69884ac4da6f1213673498a2, type: 3}
      propertyPath: m_LocalScale.x
      value: 0.111116745
      objectReference: {fileID: 0}
    - target: {fileID: 5659923398326344584, guid: 95733caa69884ac4da6f1213673498a2, type: 3}
      propertyPath: m_LocalScale.y
      value: 0.08398018
      objectReference: {fileID: 0}
    - target: {fileID: 5659923398326344584, guid: 95733caa69884ac4da6f1213673498a2, type: 3}
      propertyPath: m_LocalPosition.x
      value: 4.872
      objectReference: {fileID: 0}
    - target: {fileID: 5659923398326344584, guid: 95733caa69884ac4da6f1213673498a2, type: 3}
      propertyPath: m_LocalPosition.y
      value: -0.90431
      objectReference: {fileID: 0}
    - target: {fileID: 5659923398326344584, guid: 95733caa69884ac4da6f1213673498a2, type: 3}
      propertyPath: m_LocalPosition.z
      value: 0
      objectReference: {fileID: 0}
    - target: {fileID: 5659923398326344584, guid: 95733caa69884ac4da6f1213673498a2, type: 3}
      propertyPath: m_LocalRotation.w
      value: 1
      objectReference: {fileID: 0}
    - target: {fileID: 5659923398326344584, guid: 95733caa69884ac4da6f1213673498a2, type: 3}
      propertyPath: m_LocalRotation.x
      value: 0
      objectReference: {fileID: 0}
    - target: {fileID: 5659923398326344584, guid: 95733caa69884ac4da6f1213673498a2, type: 3}
      propertyPath: m_LocalRotation.y
      value: 0
      objectReference: {fileID: 0}
    - target: {fileID: 5659923398326344584, guid: 95733caa69884ac4da6f1213673498a2, type: 3}
      propertyPath: m_LocalRotation.z
      value: 0
      objectReference: {fileID: 0}
    - target: {fileID: 5659923398326344584, guid: 95733caa69884ac4da6f1213673498a2, type: 3}
      propertyPath: m_LocalEulerAnglesHint.x
      value: 0
      objectReference: {fileID: 0}
    - target: {fileID: 5659923398326344584, guid: 95733caa69884ac4da6f1213673498a2, type: 3}
      propertyPath: m_LocalEulerAnglesHint.y
      value: 0
      objectReference: {fileID: 0}
    - target: {fileID: 5659923398326344584, guid: 95733caa69884ac4da6f1213673498a2, type: 3}
      propertyPath: m_LocalEulerAnglesHint.z
      value: 0
      objectReference: {fileID: 0}
    - target: {fileID: 5659923398326344587, guid: 95733caa69884ac4da6f1213673498a2, type: 3}
      propertyPath: m_Name
      value: WinCollision
      objectReference: {fileID: 0}
    m_RemovedComponents: []
  m_SourcePrefab: {fileID: 100100000, guid: 95733caa69884ac4da6f1213673498a2, type: 3}
--- !u!1001 &5850118382792571629
PrefabInstance:
  m_ObjectHideFlags: 0
  serializedVersion: 2
  m_Modification:
    m_TransformParent: {fileID: 0}
    m_Modifications:
    - target: {fileID: 5850118384032326633, guid: 9f445aa01656a154e9d65facad06087a, type: 3}
      propertyPath: m_RootOrder
      value: 2
      objectReference: {fileID: 0}
    - target: {fileID: 5850118384032326633, guid: 9f445aa01656a154e9d65facad06087a, type: 3}
      propertyPath: m_LocalPosition.x
      value: -4.3
      objectReference: {fileID: 0}
    - target: {fileID: 5850118384032326633, guid: 9f445aa01656a154e9d65facad06087a, type: 3}
      propertyPath: m_LocalPosition.y
      value: -3.39
      objectReference: {fileID: 0}
    - target: {fileID: 5850118384032326633, guid: 9f445aa01656a154e9d65facad06087a, type: 3}
      propertyPath: m_LocalPosition.z
      value: 0
      objectReference: {fileID: 0}
    - target: {fileID: 5850118384032326633, guid: 9f445aa01656a154e9d65facad06087a, type: 3}
      propertyPath: m_LocalRotation.w
      value: 1
      objectReference: {fileID: 0}
    - target: {fileID: 5850118384032326633, guid: 9f445aa01656a154e9d65facad06087a, type: 3}
      propertyPath: m_LocalRotation.x
      value: 0
      objectReference: {fileID: 0}
    - target: {fileID: 5850118384032326633, guid: 9f445aa01656a154e9d65facad06087a, type: 3}
      propertyPath: m_LocalRotation.y
      value: 0
      objectReference: {fileID: 0}
    - target: {fileID: 5850118384032326633, guid: 9f445aa01656a154e9d65facad06087a, type: 3}
      propertyPath: m_LocalRotation.z
      value: 0
      objectReference: {fileID: 0}
    - target: {fileID: 5850118384032326633, guid: 9f445aa01656a154e9d65facad06087a, type: 3}
      propertyPath: m_LocalEulerAnglesHint.x
      value: 0
      objectReference: {fileID: 0}
    - target: {fileID: 5850118384032326633, guid: 9f445aa01656a154e9d65facad06087a, type: 3}
      propertyPath: m_LocalEulerAnglesHint.y
      value: 0
      objectReference: {fileID: 0}
    - target: {fileID: 5850118384032326633, guid: 9f445aa01656a154e9d65facad06087a, type: 3}
      propertyPath: m_LocalEulerAnglesHint.z
      value: 0
      objectReference: {fileID: 0}
    - target: {fileID: 5850118384032326636, guid: 9f445aa01656a154e9d65facad06087a, type: 3}
      propertyPath: m_Name
      value: LoseCollision
      objectReference: {fileID: 0}
    m_RemovedComponents: []
  m_SourcePrefab: {fileID: 100100000, guid: 9f445aa01656a154e9d65facad06087a, type: 3}
--- !u!1001 &6949919876707832561
PrefabInstance:
  m_ObjectHideFlags: 0
  serializedVersion: 2
  m_Modification:
    m_TransformParent: {fileID: 0}
    m_Modifications:
    - target: {fileID: 4838067492772765610, guid: 6857b0153d07cd1448cdcaf5c8045a7b, type: 3}
      propertyPath: m_AnchorMax.x
      value: 0
      objectReference: {fileID: 0}
    - target: {fileID: 4838067492772765610, guid: 6857b0153d07cd1448cdcaf5c8045a7b, type: 3}
      propertyPath: m_AnchorMax.y
      value: 0
      objectReference: {fileID: 0}
    - target: {fileID: 4838067492772765610, guid: 6857b0153d07cd1448cdcaf5c8045a7b, type: 3}
      propertyPath: m_LocalScale.x
      value: 135.99
      objectReference: {fileID: 0}
    - target: {fileID: 4838067492772765610, guid: 6857b0153d07cd1448cdcaf5c8045a7b, type: 3}
      propertyPath: m_LocalScale.y
      value: 144.6
      objectReference: {fileID: 0}
    - target: {fileID: 4873166134748699920, guid: 6857b0153d07cd1448cdcaf5c8045a7b, type: 3}
      propertyPath: m_RootOrder
      value: 3
      objectReference: {fileID: 0}
    - target: {fileID: 6949919875997152310, guid: 6857b0153d07cd1448cdcaf5c8045a7b, type: 3}
      propertyPath: balanceGameManager
      value: 
      objectReference: {fileID: 41366248}
    - target: {fileID: 6949919875997152311, guid: 6857b0153d07cd1448cdcaf5c8045a7b, type: 3}
      propertyPath: m_RootOrder
      value: 1
      objectReference: {fileID: 0}
    - target: {fileID: 6949919876143858986, guid: 6857b0153d07cd1448cdcaf5c8045a7b, type: 3}
      propertyPath: m_Name
      value: GameUI
      objectReference: {fileID: 0}
    - target: {fileID: 6949919876143858988, guid: 6857b0153d07cd1448cdcaf5c8045a7b, type: 3}
      propertyPath: m_MatchWidthOrHeight
      value: 1
      objectReference: {fileID: 0}
    - target: {fileID: 6949919876143858990, guid: 6857b0153d07cd1448cdcaf5c8045a7b, type: 3}
      propertyPath: m_Pivot.x
      value: 0
      objectReference: {fileID: 0}
    - target: {fileID: 6949919876143858990, guid: 6857b0153d07cd1448cdcaf5c8045a7b, type: 3}
      propertyPath: m_Pivot.y
      value: 0
      objectReference: {fileID: 0}
    - target: {fileID: 6949919876143858990, guid: 6857b0153d07cd1448cdcaf5c8045a7b, type: 3}
      propertyPath: m_RootOrder
      value: 5
      objectReference: {fileID: 0}
    - target: {fileID: 6949919876143858990, guid: 6857b0153d07cd1448cdcaf5c8045a7b, type: 3}
      propertyPath: m_AnchorMax.x
      value: 0
      objectReference: {fileID: 0}
    - target: {fileID: 6949919876143858990, guid: 6857b0153d07cd1448cdcaf5c8045a7b, type: 3}
      propertyPath: m_AnchorMax.y
      value: 0
      objectReference: {fileID: 0}
    - target: {fileID: 6949919876143858990, guid: 6857b0153d07cd1448cdcaf5c8045a7b, type: 3}
      propertyPath: m_AnchorMin.x
      value: 0
      objectReference: {fileID: 0}
    - target: {fileID: 6949919876143858990, guid: 6857b0153d07cd1448cdcaf5c8045a7b, type: 3}
      propertyPath: m_AnchorMin.y
      value: 0
      objectReference: {fileID: 0}
    - target: {fileID: 6949919876143858990, guid: 6857b0153d07cd1448cdcaf5c8045a7b, type: 3}
      propertyPath: m_SizeDelta.x
      value: 0
      objectReference: {fileID: 0}
    - target: {fileID: 6949919876143858990, guid: 6857b0153d07cd1448cdcaf5c8045a7b, type: 3}
      propertyPath: m_SizeDelta.y
      value: 0
      objectReference: {fileID: 0}
    - target: {fileID: 6949919876143858990, guid: 6857b0153d07cd1448cdcaf5c8045a7b, type: 3}
      propertyPath: m_LocalPosition.x
      value: 0
      objectReference: {fileID: 0}
    - target: {fileID: 6949919876143858990, guid: 6857b0153d07cd1448cdcaf5c8045a7b, type: 3}
      propertyPath: m_LocalPosition.y
      value: 0
      objectReference: {fileID: 0}
    - target: {fileID: 6949919876143858990, guid: 6857b0153d07cd1448cdcaf5c8045a7b, type: 3}
      propertyPath: m_LocalPosition.z
      value: 0
      objectReference: {fileID: 0}
    - target: {fileID: 6949919876143858990, guid: 6857b0153d07cd1448cdcaf5c8045a7b, type: 3}
      propertyPath: m_LocalRotation.w
      value: 1
      objectReference: {fileID: 0}
    - target: {fileID: 6949919876143858990, guid: 6857b0153d07cd1448cdcaf5c8045a7b, type: 3}
      propertyPath: m_LocalRotation.x
      value: 0
      objectReference: {fileID: 0}
    - target: {fileID: 6949919876143858990, guid: 6857b0153d07cd1448cdcaf5c8045a7b, type: 3}
      propertyPath: m_LocalRotation.y
      value: 0
      objectReference: {fileID: 0}
    - target: {fileID: 6949919876143858990, guid: 6857b0153d07cd1448cdcaf5c8045a7b, type: 3}
      propertyPath: m_LocalRotation.z
      value: 0
      objectReference: {fileID: 0}
    - target: {fileID: 6949919876143858990, guid: 6857b0153d07cd1448cdcaf5c8045a7b, type: 3}
      propertyPath: m_AnchoredPosition.x
      value: 0
      objectReference: {fileID: 0}
    - target: {fileID: 6949919876143858990, guid: 6857b0153d07cd1448cdcaf5c8045a7b, type: 3}
      propertyPath: m_AnchoredPosition.y
      value: 0
      objectReference: {fileID: 0}
    - target: {fileID: 6949919876143858990, guid: 6857b0153d07cd1448cdcaf5c8045a7b, type: 3}
      propertyPath: m_LocalEulerAnglesHint.x
      value: 0
      objectReference: {fileID: 0}
    - target: {fileID: 6949919876143858990, guid: 6857b0153d07cd1448cdcaf5c8045a7b, type: 3}
      propertyPath: m_LocalEulerAnglesHint.y
      value: 0
      objectReference: {fileID: 0}
    - target: {fileID: 6949919876143858990, guid: 6857b0153d07cd1448cdcaf5c8045a7b, type: 3}
      propertyPath: m_LocalEulerAnglesHint.z
      value: 0
      objectReference: {fileID: 0}
    - target: {fileID: 6949919876143858991, guid: 6857b0153d07cd1448cdcaf5c8045a7b, type: 3}
      propertyPath: m_Camera
      value: 
      objectReference: {fileID: 944301342}
    - target: {fileID: 6949919876143858991, guid: 6857b0153d07cd1448cdcaf5c8045a7b, type: 3}
      propertyPath: m_RenderMode
      value: 1
      objectReference: {fileID: 0}
    - target: {fileID: 6949919876143858991, guid: 6857b0153d07cd1448cdcaf5c8045a7b, type: 3}
      propertyPath: m_SortingOrder
      value: 1
      objectReference: {fileID: 0}
    - target: {fileID: 6949919876295500862, guid: 6857b0153d07cd1448cdcaf5c8045a7b, type: 3}
      propertyPath: m_SortingOrder
      value: 0
      objectReference: {fileID: 0}
    - target: {fileID: 6949919876295500863, guid: 6857b0153d07cd1448cdcaf5c8045a7b, type: 3}
      propertyPath: m_LocalScale.x
      value: 245.18141
      objectReference: {fileID: 0}
    - target: {fileID: 6949919876295500863, guid: 6857b0153d07cd1448cdcaf5c8045a7b, type: 3}
      propertyPath: m_LocalPosition.x
      value: 9.54
      objectReference: {fileID: 0}
    - target: {fileID: 6949919876897584081, guid: 6857b0153d07cd1448cdcaf5c8045a7b, type: 3}
      propertyPath: balanceGameManager
      value: 
      objectReference: {fileID: 41366248}
    - target: {fileID: 6949919876897584108, guid: 6857b0153d07cd1448cdcaf5c8045a7b, type: 3}
      propertyPath: m_RootOrder
      value: 0
      objectReference: {fileID: 0}
    m_RemovedComponents: []
  m_SourcePrefab: {fileID: 100100000, guid: 6857b0153d07cd1448cdcaf5c8045a7b, type: 3}
--- !u!1001 &7418775100975551039
PrefabInstance:
  m_ObjectHideFlags: 0
  serializedVersion: 2
  m_Modification:
    m_TransformParent: {fileID: 0}
    m_Modifications:
    - target: {fileID: 7418775099420475272, guid: 930633ced6c799742881667155fc74d1, type: 3}
      propertyPath: m_Enabled
      value: 1
      objectReference: {fileID: 0}
    - target: {fileID: 7418775099420475273, guid: 930633ced6c799742881667155fc74d1, type: 3}
      propertyPath: m_RootOrder
      value: 6
      objectReference: {fileID: 0}
    - target: {fileID: 7418775099420475273, guid: 930633ced6c799742881667155fc74d1, type: 3}
      propertyPath: m_LocalPosition.x
      value: 0.08
      objectReference: {fileID: 0}
    - target: {fileID: 7418775099420475273, guid: 930633ced6c799742881667155fc74d1, type: 3}
      propertyPath: m_LocalPosition.y
      value: 1.66
      objectReference: {fileID: 0}
    - target: {fileID: 7418775099420475273, guid: 930633ced6c799742881667155fc74d1, type: 3}
      propertyPath: m_LocalPosition.z
      value: 1
      objectReference: {fileID: 0}
    - target: {fileID: 7418775099420475273, guid: 930633ced6c799742881667155fc74d1, type: 3}
      propertyPath: m_LocalRotation.w
      value: 1
      objectReference: {fileID: 0}
    - target: {fileID: 7418775099420475273, guid: 930633ced6c799742881667155fc74d1, type: 3}
      propertyPath: m_LocalRotation.x
      value: 0
      objectReference: {fileID: 0}
    - target: {fileID: 7418775099420475273, guid: 930633ced6c799742881667155fc74d1, type: 3}
      propertyPath: m_LocalRotation.y
      value: 0
      objectReference: {fileID: 0}
    - target: {fileID: 7418775099420475273, guid: 930633ced6c799742881667155fc74d1, type: 3}
      propertyPath: m_LocalRotation.z
      value: 0
      objectReference: {fileID: 0}
    - target: {fileID: 7418775099420475273, guid: 930633ced6c799742881667155fc74d1, type: 3}
      propertyPath: m_LocalEulerAnglesHint.x
      value: 0
      objectReference: {fileID: 0}
    - target: {fileID: 7418775099420475273, guid: 930633ced6c799742881667155fc74d1, type: 3}
      propertyPath: m_LocalEulerAnglesHint.y
      value: 0
      objectReference: {fileID: 0}
    - target: {fileID: 7418775099420475273, guid: 930633ced6c799742881667155fc74d1, type: 3}
      propertyPath: m_LocalEulerAnglesHint.z
      value: 0
      objectReference: {fileID: 0}
    - target: {fileID: 7418775099420475278, guid: 930633ced6c799742881667155fc74d1, type: 3}
      propertyPath: m_Name
      value: Balance
      objectReference: {fileID: 0}
    - target: {fileID: 7418775099875884002, guid: 930633ced6c799742881667155fc74d1, type: 3}
      propertyPath: m_SortingOrder
      value: 1
      objectReference: {fileID: 0}
    - target: {fileID: 7418775099875884005, guid: 930633ced6c799742881667155fc74d1, type: 3}
      propertyPath: balanceGameManager
      value: 
      objectReference: {fileID: 41366248}
    - target: {fileID: 7418775100356223017, guid: 930633ced6c799742881667155fc74d1, type: 3}
      propertyPath: balanceGameManager
      value: 
      objectReference: {fileID: 41366248}
    - target: {fileID: 7418775100356223018, guid: 930633ced6c799742881667155fc74d1, type: 3}
      propertyPath: m_SortingOrder
      value: 1
      objectReference: {fileID: 0}
    - target: {fileID: 7418775101244915667, guid: 930633ced6c799742881667155fc74d1, type: 3}
      propertyPath: m_SortingOrder
      value: 2
      objectReference: {fileID: 0}
    - target: {fileID: 7418775101389758740, guid: 930633ced6c799742881667155fc74d1, type: 3}
      propertyPath: m_SortingOrder
      value: 2
      objectReference: {fileID: 0}
    m_RemovedComponents: []
  m_SourcePrefab: {fileID: 100100000, guid: 930633ced6c799742881667155fc74d1, type: 3}
--- !u!50 &7418775100975551040 stripped
Rigidbody2D:
  m_CorrespondingSourceObject: {fileID: 7418775099420475276, guid: 930633ced6c799742881667155fc74d1, type: 3}
  m_PrefabInstance: {fileID: 7418775100975551039}
  m_PrefabAsset: {fileID: 0}
