%YAML 1.1
%TAG !u! tag:unity3d.com,2011:
--- !u!1 &7728646551008125949
GameObject:
  m_ObjectHideFlags: 0
  m_CorrespondingSourceObject: {fileID: 0}
  m_PrefabInstance: {fileID: 0}
  m_PrefabAsset: {fileID: 0}
  serializedVersion: 6
  m_Component:
  - component: {fileID: 7728646551008125950}
  - component: {fileID: 7728646551008125944}
  - component: {fileID: 7728646551008125951}
  m_Layer: 5
  m_Name: Background
  m_TagString: Untagged
  m_Icon: {fileID: 0}
  m_NavMeshLayer: 0
  m_StaticEditorFlags: 0
  m_IsActive: 1
--- !u!224 &7728646551008125950
RectTransform:
  m_ObjectHideFlags: 0
  m_CorrespondingSourceObject: {fileID: 0}
  m_PrefabInstance: {fileID: 0}
  m_PrefabAsset: {fileID: 0}
  m_GameObject: {fileID: 7728646551008125949}
  m_LocalRotation: {x: -0, y: -0, z: -0, w: 1}
  m_LocalPosition: {x: 0, y: 0, z: 0}
  m_LocalScale: {x: 1, y: 1, z: 1}
  m_Children: []
  m_Father: {fileID: 7728646551339220958}
  m_RootOrder: 0
  m_LocalEulerAnglesHint: {x: 0, y: 0, z: 0}
  m_AnchorMin: {x: 0, y: 0.25}
  m_AnchorMax: {x: 1, y: 0.75}
  m_AnchoredPosition: {x: 0, y: 0}
  m_SizeDelta: {x: 0, y: 0}
  m_Pivot: {x: 0.5, y: 0.5}
--- !u!222 &7728646551008125944
CanvasRenderer:
  m_ObjectHideFlags: 0
  m_CorrespondingSourceObject: {fileID: 0}
  m_PrefabInstance: {fileID: 0}
  m_PrefabAsset: {fileID: 0}
  m_GameObject: {fileID: 7728646551008125949}
  m_CullTransparentMesh: 1
--- !u!114 &7728646551008125951
MonoBehaviour:
  m_ObjectHideFlags: 0
  m_CorrespondingSourceObject: {fileID: 0}
  m_PrefabInstance: {fileID: 0}
  m_PrefabAsset: {fileID: 0}
  m_GameObject: {fileID: 7728646551008125949}
  m_Enabled: 1
  m_EditorHideFlags: 0
  m_Script: {fileID: 11500000, guid: fe87c0e1cc204ed48ad3b37840f39efc, type: 3}
  m_Name: 
  m_EditorClassIdentifier: 
  m_Material: {fileID: 0}
  m_Color: {r: 0.2735849, g: 0.2735849, b: 0.2735849, a: 1}
  m_RaycastTarget: 1
  m_RaycastPadding: {x: 0, y: 0, z: 0, w: 0}
  m_Maskable: 1
  m_OnCullStateChanged:
    m_PersistentCalls:
      m_Calls: []
  m_Sprite: {fileID: 10907, guid: 0000000000000000f000000000000000, type: 0}
  m_Type: 1
  m_PreserveAspect: 0
  m_FillCenter: 1
  m_FillMethod: 4
  m_FillAmount: 1
  m_FillClockwise: 1
  m_FillOrigin: 0
  m_UseSpriteMesh: 0
  m_PixelsPerUnitMultiplier: 10
--- !u!1 &7728646551138113433
GameObject:
  m_ObjectHideFlags: 0
  m_CorrespondingSourceObject: {fileID: 0}
  m_PrefabInstance: {fileID: 0}
  m_PrefabAsset: {fileID: 0}
  serializedVersion: 6
  m_Component:
  - component: {fileID: 7728646551138113434}
  - component: {fileID: 7728646551138113435}
  m_Layer: 5
  m_Name: BaseUI
  m_TagString: Untagged
  m_Icon: {fileID: 0}
  m_NavMeshLayer: 0
  m_StaticEditorFlags: 0
  m_IsActive: 1
--- !u!224 &7728646551138113434
RectTransform:
  m_ObjectHideFlags: 0
  m_CorrespondingSourceObject: {fileID: 0}
  m_PrefabInstance: {fileID: 0}
  m_PrefabAsset: {fileID: 0}
  m_GameObject: {fileID: 7728646551138113433}
  m_LocalRotation: {x: 0, y: 0, z: 0, w: 1}
  m_LocalPosition: {x: 0, y: 0, z: 0}
  m_LocalScale: {x: 1, y: 1, z: 1}
  m_Children:
  - {fileID: 7728646551492144117}
  - {fileID: 7728646551339220958}
  - {fileID: 7728646551982811614}
  m_Father: {fileID: 7728646551166258343}
  m_RootOrder: 0
  m_LocalEulerAnglesHint: {x: 0, y: 0, z: 0}
  m_AnchorMin: {x: 0.5, y: 1}
  m_AnchorMax: {x: 0.5, y: 1}
  m_AnchoredPosition: {x: 0, y: 0}
  m_SizeDelta: {x: 1080, y: 83.8534}
  m_Pivot: {x: 0.5, y: 1}
--- !u!114 &7728646551138113435
MonoBehaviour:
  m_ObjectHideFlags: 0
  m_CorrespondingSourceObject: {fileID: 0}
  m_PrefabInstance: {fileID: 0}
  m_PrefabAsset: {fileID: 0}
  m_GameObject: {fileID: 7728646551138113433}
  m_Enabled: 1
  m_EditorHideFlags: 0
  m_Script: {fileID: 11500000, guid: 30649d3a9faa99c48a7b1166b86bf2a0, type: 3}
  m_Name: 
  m_EditorClassIdentifier: 
  m_Padding:
    m_Left: 20
    m_Right: 10
    m_Top: 20
    m_Bottom: 10
  m_ChildAlignment: 4
  m_Spacing: 15
  m_ChildForceExpandWidth: 1
  m_ChildForceExpandHeight: 1
  m_ChildControlWidth: 0
  m_ChildControlHeight: 0
  m_ChildScaleWidth: 0
  m_ChildScaleHeight: 0
  m_ReverseArrangement: 0
--- !u!1 &7728646551166258347
GameObject:
  m_ObjectHideFlags: 0
  m_CorrespondingSourceObject: {fileID: 0}
  m_PrefabInstance: {fileID: 0}
  m_PrefabAsset: {fileID: 0}
  serializedVersion: 6
  m_Component:
  - component: {fileID: 7728646551166258343}
  - component: {fileID: 7728646551166258342}
  - component: {fileID: 7728646551166258341}
  - component: {fileID: 7728646551166258340}
  m_Layer: 5
  m_Name: MinigameUI
  m_TagString: Untagged
  m_Icon: {fileID: 0}
  m_NavMeshLayer: 0
  m_StaticEditorFlags: 0
  m_IsActive: 1
--- !u!224 &7728646551166258343
RectTransform:
  m_ObjectHideFlags: 0
  m_CorrespondingSourceObject: {fileID: 0}
  m_PrefabInstance: {fileID: 0}
  m_PrefabAsset: {fileID: 0}
  m_GameObject: {fileID: 7728646551166258347}
  m_LocalRotation: {x: 0, y: 0, z: 0, w: 1}
  m_LocalPosition: {x: 0, y: 0, z: 0}
  m_LocalScale: {x: 0, y: 0, z: 0}
  m_Children:
  - {fileID: 7728646551138113434}
  - {fileID: 3212852149915966333}
  - {fileID: 4628634219556293416}
  - {fileID: 4628634220875736721}
  m_Father: {fileID: 0}
  m_RootOrder: 0
  m_LocalEulerAnglesHint: {x: 0, y: 0, z: 0}
  m_AnchorMin: {x: 0, y: 0}
  m_AnchorMax: {x: 0, y: 0}
  m_AnchoredPosition: {x: 0, y: 0}
  m_SizeDelta: {x: 0, y: 0}
  m_Pivot: {x: 0, y: 0}
--- !u!223 &7728646551166258342
Canvas:
  m_ObjectHideFlags: 0
  m_CorrespondingSourceObject: {fileID: 0}
  m_PrefabInstance: {fileID: 0}
  m_PrefabAsset: {fileID: 0}
  m_GameObject: {fileID: 7728646551166258347}
  m_Enabled: 1
  serializedVersion: 3
  m_RenderMode: 0
  m_Camera: {fileID: 0}
  m_PlaneDistance: 100
  m_PixelPerfect: 0
  m_ReceivesEvents: 1
  m_OverrideSorting: 0
  m_OverridePixelPerfect: 0
  m_SortingBucketNormalizedSize: 0
  m_AdditionalShaderChannelsFlag: 0
  m_SortingLayerID: 0
  m_SortingOrder: 1
  m_TargetDisplay: 0
--- !u!114 &7728646551166258341
MonoBehaviour:
  m_ObjectHideFlags: 0
  m_CorrespondingSourceObject: {fileID: 0}
  m_PrefabInstance: {fileID: 0}
  m_PrefabAsset: {fileID: 0}
  m_GameObject: {fileID: 7728646551166258347}
  m_Enabled: 1
  m_EditorHideFlags: 0
  m_Script: {fileID: 11500000, guid: 0cd44c1031e13a943bb63640046fad76, type: 3}
  m_Name: 
  m_EditorClassIdentifier: 
  m_UiScaleMode: 1
  m_ReferencePixelsPerUnit: 100
  m_ScaleFactor: 1
  m_ReferenceResolution: {x: 1920, y: 1080}
  m_ScreenMatchMode: 0
  m_MatchWidthOrHeight: 0
  m_PhysicalUnit: 3
  m_FallbackScreenDPI: 96
  m_DefaultSpriteDPI: 96
  m_DynamicPixelsPerUnit: 1
  m_PresetInfoIsWorld: 0
--- !u!114 &7728646551166258340
MonoBehaviour:
  m_ObjectHideFlags: 0
  m_CorrespondingSourceObject: {fileID: 0}
  m_PrefabInstance: {fileID: 0}
  m_PrefabAsset: {fileID: 0}
  m_GameObject: {fileID: 7728646551166258347}
  m_Enabled: 1
  m_EditorHideFlags: 0
  m_Script: {fileID: 11500000, guid: 8d4c2be315ad0c34885650272084d173, type: 3}
  m_Name: 
  m_EditorClassIdentifier: 
  scoreText: {fileID: 0}
  timerSlider: {fileID: 7728646551339220959}
  pauseBtn: {fileID: 7728646551982811587}
  endGameScreenController: {fileID: 3212852149915966329}
  clearedWords: {fileID: 0}
  target: {fileID: 4628634219556293413}
  results: {fileID: 4628634220875736732}
--- !u!1 &7728646551339220957
GameObject:
  m_ObjectHideFlags: 0
  m_CorrespondingSourceObject: {fileID: 0}
  m_PrefabInstance: {fileID: 0}
  m_PrefabAsset: {fileID: 0}
  serializedVersion: 6
  m_Component:
  - component: {fileID: 7728646551339220958}
  - component: {fileID: 7728646551339220959}
  m_Layer: 5
  m_Name: TimerSlider
  m_TagString: Untagged
  m_Icon: {fileID: 0}
  m_NavMeshLayer: 0
  m_StaticEditorFlags: 0
  m_IsActive: 1
--- !u!224 &7728646551339220958
RectTransform:
  m_ObjectHideFlags: 0
  m_CorrespondingSourceObject: {fileID: 0}
  m_PrefabInstance: {fileID: 0}
  m_PrefabAsset: {fileID: 0}
  m_GameObject: {fileID: 7728646551339220957}
  m_LocalRotation: {x: -0, y: -0, z: -0, w: 1}
  m_LocalPosition: {x: 0, y: 0, z: 0}
  m_LocalScale: {x: 1, y: 1, z: 1}
  m_Children:
  - {fileID: 7728646551008125950}
  - {fileID: 7728646551448803582}
  - {fileID: 7728646551585752883}
  m_Father: {fileID: 7728646551138113434}
  m_RootOrder: 1
  m_LocalEulerAnglesHint: {x: 0, y: 0, z: 0}
  m_AnchorMin: {x: 0, y: 0}
  m_AnchorMax: {x: 0, y: 0}
  m_AnchoredPosition: {x: 0, y: 0}
  m_SizeDelta: {x: 683.614, y: 85.452}
  m_Pivot: {x: 0.5, y: 0.5}
--- !u!114 &7728646551339220959
MonoBehaviour:
  m_ObjectHideFlags: 0
  m_CorrespondingSourceObject: {fileID: 0}
  m_PrefabInstance: {fileID: 0}
  m_PrefabAsset: {fileID: 0}
  m_GameObject: {fileID: 7728646551339220957}
  m_Enabled: 1
  m_EditorHideFlags: 0
  m_Script: {fileID: 11500000, guid: 67db9e8f0e2ae9c40bc1e2b64352a6b4, type: 3}
  m_Name: 
  m_EditorClassIdentifier: 
  m_Navigation:
    m_Mode: 3
    m_WrapAround: 0
    m_SelectOnUp: {fileID: 0}
    m_SelectOnDown: {fileID: 0}
    m_SelectOnLeft: {fileID: 0}
    m_SelectOnRight: {fileID: 0}
  m_Transition: 1
  m_Colors:
    m_NormalColor: {r: 1, g: 1, b: 1, a: 1}
    m_HighlightedColor: {r: 0.9607843, g: 0.9607843, b: 0.9607843, a: 1}
    m_PressedColor: {r: 0.78431374, g: 0.78431374, b: 0.78431374, a: 1}
    m_SelectedColor: {r: 0.9607843, g: 0.9607843, b: 0.9607843, a: 1}
    m_DisabledColor: {r: 0.78431374, g: 0.78431374, b: 0.78431374, a: 0.5019608}
    m_ColorMultiplier: 1
    m_FadeDuration: 0.1
  m_SpriteState:
    m_HighlightedSprite: {fileID: 0}
    m_PressedSprite: {fileID: 0}
    m_SelectedSprite: {fileID: 0}
    m_DisabledSprite: {fileID: 0}
  m_AnimationTriggers:
    m_NormalTrigger: Normal
    m_HighlightedTrigger: Highlighted
    m_PressedTrigger: Pressed
    m_SelectedTrigger: Selected
    m_DisabledTrigger: Disabled
  m_Interactable: 1
  m_TargetGraphic: {fileID: 0}
  m_FillRect: {fileID: 7728646552505888670}
  m_HandleRect: {fileID: 0}
  m_Direction: 0
  m_MinValue: 0
  m_MaxValue: 1
  m_WholeNumbers: 0
  m_Value: 1
  m_OnValueChanged:
    m_PersistentCalls:
      m_Calls: []
--- !u!1 &7728646551448803581
GameObject:
  m_ObjectHideFlags: 0
  m_CorrespondingSourceObject: {fileID: 0}
  m_PrefabInstance: {fileID: 0}
  m_PrefabAsset: {fileID: 0}
  serializedVersion: 6
  m_Component:
  - component: {fileID: 7728646551448803582}
  m_Layer: 5
  m_Name: Fill Area
  m_TagString: Untagged
  m_Icon: {fileID: 0}
  m_NavMeshLayer: 0
  m_StaticEditorFlags: 0
  m_IsActive: 1
--- !u!224 &7728646551448803582
RectTransform:
  m_ObjectHideFlags: 0
  m_CorrespondingSourceObject: {fileID: 0}
  m_PrefabInstance: {fileID: 0}
  m_PrefabAsset: {fileID: 0}
  m_GameObject: {fileID: 7728646551448803581}
  m_LocalRotation: {x: -0, y: -0, z: -0, w: 1}
  m_LocalPosition: {x: 0, y: 0, z: 0}
  m_LocalScale: {x: 1, y: 1, z: 1}
  m_Children:
  - {fileID: 7728646552505888670}
  m_Father: {fileID: 7728646551339220958}
  m_RootOrder: 1
  m_LocalEulerAnglesHint: {x: 0, y: 0, z: 0}
  m_AnchorMin: {x: 0, y: 0.25}
  m_AnchorMax: {x: 1, y: 0.75}
  m_AnchoredPosition: {x: 0.45080566, y: 0}
  m_SizeDelta: {x: -9.0983, y: 0}
  m_Pivot: {x: 0.5, y: 0.5}
--- !u!1 &7728646551492144116
GameObject:
  m_ObjectHideFlags: 0
  m_CorrespondingSourceObject: {fileID: 0}
  m_PrefabInstance: {fileID: 0}
  m_PrefabAsset: {fileID: 0}
  serializedVersion: 6
  m_Component:
  - component: {fileID: 7728646551492144117}
  - component: {fileID: 7728646551492144119}
  - component: {fileID: 7728646551492144112}
  - component: {fileID: 7728646551492144118}
  m_Layer: 5
  m_Name: RoundNumber
  m_TagString: Untagged
  m_Icon: {fileID: 0}
  m_NavMeshLayer: 0
  m_StaticEditorFlags: 0
  m_IsActive: 1
--- !u!224 &7728646551492144117
RectTransform:
  m_ObjectHideFlags: 0
  m_CorrespondingSourceObject: {fileID: 0}
  m_PrefabInstance: {fileID: 0}
  m_PrefabAsset: {fileID: 0}
  m_GameObject: {fileID: 7728646551492144116}
  m_LocalRotation: {x: 0, y: 0, z: 0, w: 1}
  m_LocalPosition: {x: 0, y: 0, z: 0}
  m_LocalScale: {x: 1, y: 1, z: 1}
  m_Children: []
  m_Father: {fileID: 7728646551138113434}
  m_RootOrder: 0
  m_LocalEulerAnglesHint: {x: 0, y: 0, z: 0}
  m_AnchorMin: {x: 0, y: 0}
  m_AnchorMax: {x: 0, y: 0}
  m_AnchoredPosition: {x: 0, y: 0}
  m_SizeDelta: {x: 100, y: 100}
  m_Pivot: {x: 0, y: 0.5}
--- !u!222 &7728646551492144119
CanvasRenderer:
  m_ObjectHideFlags: 0
  m_CorrespondingSourceObject: {fileID: 0}
  m_PrefabInstance: {fileID: 0}
  m_PrefabAsset: {fileID: 0}
  m_GameObject: {fileID: 7728646551492144116}
  m_CullTransparentMesh: 1
--- !u!114 &7728646551492144112
MonoBehaviour:
  m_ObjectHideFlags: 0
  m_CorrespondingSourceObject: {fileID: 0}
  m_PrefabInstance: {fileID: 0}
  m_PrefabAsset: {fileID: 0}
  m_GameObject: {fileID: 7728646551492144116}
  m_Enabled: 1
  m_EditorHideFlags: 0
  m_Script: {fileID: 11500000, guid: 5f7201a12d95ffc409449d95f23cf332, type: 3}
  m_Name: 
  m_EditorClassIdentifier: 
  m_Material: {fileID: 0}
  m_Color: {r: 1, g: 1, b: 1, a: 1}
  m_RaycastTarget: 1
  m_RaycastPadding: {x: 0, y: 0, z: 0, w: 0}
  m_Maskable: 1
  m_OnCullStateChanged:
    m_PersistentCalls:
      m_Calls: []
  m_FontData:
    m_Font: {fileID: 10102, guid: 0000000000000000e000000000000000, type: 0}
    m_FontSize: 58
    m_FontStyle: 0
    m_BestFit: 0
    m_MinSize: 10
    m_MaxSize: 62
    m_Alignment: 4
    m_AlignByGeometry: 0
    m_RichText: 1
    m_HorizontalOverflow: 0
    m_VerticalOverflow: 0
    m_LineSpacing: 1
  m_Text: 0/0
--- !u!114 &7728646551492144118
MonoBehaviour:
  m_ObjectHideFlags: 0
  m_CorrespondingSourceObject: {fileID: 0}
  m_PrefabInstance: {fileID: 0}
  m_PrefabAsset: {fileID: 0}
  m_GameObject: {fileID: 7728646551492144116}
  m_Enabled: 1
  m_EditorHideFlags: 0
  m_Script: {fileID: 11500000, guid: cfabb0440166ab443bba8876756fdfa9, type: 3}
  m_Name: 
  m_EditorClassIdentifier: 
  m_EffectColor: {r: 0, g: 0, b: 0, a: 0.5}
  m_EffectDistance: {x: 1, y: -1}
  m_UseGraphicAlpha: 1
--- !u!1 &7728646551585752882
GameObject:
  m_ObjectHideFlags: 0
  m_CorrespondingSourceObject: {fileID: 0}
  m_PrefabInstance: {fileID: 0}
  m_PrefabAsset: {fileID: 0}
  serializedVersion: 6
  m_Component:
  - component: {fileID: 7728646551585752883}
  m_Layer: 5
  m_Name: Handle Slide Area
  m_TagString: Untagged
  m_Icon: {fileID: 0}
  m_NavMeshLayer: 0
  m_StaticEditorFlags: 0
  m_IsActive: 1
--- !u!224 &7728646551585752883
RectTransform:
  m_ObjectHideFlags: 0
  m_CorrespondingSourceObject: {fileID: 0}
  m_PrefabInstance: {fileID: 0}
  m_PrefabAsset: {fileID: 0}
  m_GameObject: {fileID: 7728646551585752882}
  m_LocalRotation: {x: -0, y: -0, z: -0, w: 1}
  m_LocalPosition: {x: 0, y: 0, z: 0}
  m_LocalScale: {x: 1, y: 1, z: 1}
  m_Children: []
  m_Father: {fileID: 7728646551339220958}
  m_RootOrder: 2
  m_LocalEulerAnglesHint: {x: 0, y: 0, z: 0}
  m_AnchorMin: {x: 0, y: 0}
  m_AnchorMax: {x: 1, y: 1}
  m_AnchoredPosition: {x: 0, y: 0}
  m_SizeDelta: {x: -20, y: 0}
  m_Pivot: {x: 0.5, y: 0.5}
--- !u!1 &7728646551591626486
GameObject:
  m_ObjectHideFlags: 0
  m_CorrespondingSourceObject: {fileID: 0}
  m_PrefabInstance: {fileID: 0}
  m_PrefabAsset: {fileID: 0}
  serializedVersion: 6
  m_Component:
  - component: {fileID: 7728646551591626487}
  - component: {fileID: 7728646551591626481}
  - component: {fileID: 7728646551591626480}
  m_Layer: 5
  m_Name: Text
  m_TagString: Untagged
  m_Icon: {fileID: 0}
  m_NavMeshLayer: 0
  m_StaticEditorFlags: 0
  m_IsActive: 1
--- !u!224 &7728646551591626487
RectTransform:
  m_ObjectHideFlags: 0
  m_CorrespondingSourceObject: {fileID: 0}
  m_PrefabInstance: {fileID: 0}
  m_PrefabAsset: {fileID: 0}
  m_GameObject: {fileID: 7728646551591626486}
  m_LocalRotation: {x: -0, y: -0, z: -0, w: 1}
  m_LocalPosition: {x: 0, y: 0, z: 0}
  m_LocalScale: {x: 1, y: 1, z: 1}
  m_Children: []
  m_Father: {fileID: 7728646551982811614}
  m_RootOrder: 0
  m_LocalEulerAnglesHint: {x: 0, y: 0, z: 0}
  m_AnchorMin: {x: 0, y: 0}
  m_AnchorMax: {x: 1, y: 1}
  m_AnchoredPosition: {x: 1, y: 4}
  m_SizeDelta: {x: -2, y: 0}
  m_Pivot: {x: 0.5, y: 0.5}
--- !u!222 &7728646551591626481
CanvasRenderer:
  m_ObjectHideFlags: 0
  m_CorrespondingSourceObject: {fileID: 0}
  m_PrefabInstance: {fileID: 0}
  m_PrefabAsset: {fileID: 0}
  m_GameObject: {fileID: 7728646551591626486}
  m_CullTransparentMesh: 1
--- !u!114 &7728646551591626480
MonoBehaviour:
  m_ObjectHideFlags: 0
  m_CorrespondingSourceObject: {fileID: 0}
  m_PrefabInstance: {fileID: 0}
  m_PrefabAsset: {fileID: 0}
  m_GameObject: {fileID: 7728646551591626486}
  m_Enabled: 1
  m_EditorHideFlags: 0
  m_Script: {fileID: 11500000, guid: 5f7201a12d95ffc409449d95f23cf332, type: 3}
  m_Name: 
  m_EditorClassIdentifier: 
  m_Material: {fileID: 0}
  m_Color: {r: 0.19607843, g: 0.19607843, b: 0.19607843, a: 1}
  m_RaycastTarget: 1
  m_RaycastPadding: {x: 0, y: 0, z: 0, w: 0}
  m_Maskable: 1
  m_OnCullStateChanged:
    m_PersistentCalls:
      m_Calls: []
  m_FontData:
    m_Font: {fileID: 10102, guid: 0000000000000000e000000000000000, type: 0}
    m_FontSize: 48
    m_FontStyle: 0
    m_BestFit: 0
    m_MinSize: 10
    m_MaxSize: 48
    m_Alignment: 4
    m_AlignByGeometry: 0
    m_RichText: 1
    m_HorizontalOverflow: 0
    m_VerticalOverflow: 0
    m_LineSpacing: 1
  m_Text: '| |'
--- !u!1 &7728646551982811586
GameObject:
  m_ObjectHideFlags: 0
  m_CorrespondingSourceObject: {fileID: 0}
  m_PrefabInstance: {fileID: 0}
  m_PrefabAsset: {fileID: 0}
  serializedVersion: 6
  m_Component:
  - component: {fileID: 7728646551982811614}
  - component: {fileID: 7728646551982811613}
  - component: {fileID: 7728646551982811612}
  - component: {fileID: 7728646551982811587}
  m_Layer: 5
  m_Name: PauseBtn
  m_TagString: Untagged
  m_Icon: {fileID: 0}
  m_NavMeshLayer: 0
  m_StaticEditorFlags: 0
  m_IsActive: 1
--- !u!224 &7728646551982811614
RectTransform:
  m_ObjectHideFlags: 0
  m_CorrespondingSourceObject: {fileID: 0}
  m_PrefabInstance: {fileID: 0}
  m_PrefabAsset: {fileID: 0}
  m_GameObject: {fileID: 7728646551982811586}
  m_LocalRotation: {x: -0, y: -0, z: -0, w: 1}
  m_LocalPosition: {x: 0, y: 0, z: 0}
  m_LocalScale: {x: 1, y: 1, z: 1}
  m_Children:
  - {fileID: 7728646551591626487}
  m_Father: {fileID: 7728646551138113434}
  m_RootOrder: 2
  m_LocalEulerAnglesHint: {x: 0, y: 0, z: 0}
  m_AnchorMin: {x: 0, y: 0}
  m_AnchorMax: {x: 0, y: 0}
  m_AnchoredPosition: {x: 0, y: 0}
  m_SizeDelta: {x: 80, y: 80}
  m_Pivot: {x: 0.5, y: 0.5}
--- !u!222 &7728646551982811613
CanvasRenderer:
  m_ObjectHideFlags: 0
  m_CorrespondingSourceObject: {fileID: 0}
  m_PrefabInstance: {fileID: 0}
  m_PrefabAsset: {fileID: 0}
  m_GameObject: {fileID: 7728646551982811586}
  m_CullTransparentMesh: 1
--- !u!114 &7728646551982811612
MonoBehaviour:
  m_ObjectHideFlags: 0
  m_CorrespondingSourceObject: {fileID: 0}
  m_PrefabInstance: {fileID: 0}
  m_PrefabAsset: {fileID: 0}
  m_GameObject: {fileID: 7728646551982811586}
  m_Enabled: 1
  m_EditorHideFlags: 0
  m_Script: {fileID: 11500000, guid: fe87c0e1cc204ed48ad3b37840f39efc, type: 3}
  m_Name: 
  m_EditorClassIdentifier: 
  m_Material: {fileID: 0}
  m_Color: {r: 1, g: 1, b: 1, a: 1}
  m_RaycastTarget: 1
  m_RaycastPadding: {x: 0, y: 0, z: 0, w: 0}
  m_Maskable: 1
  m_OnCullStateChanged:
    m_PersistentCalls:
      m_Calls: []
  m_Sprite: {fileID: 10905, guid: 0000000000000000f000000000000000, type: 0}
  m_Type: 1
  m_PreserveAspect: 0
  m_FillCenter: 1
  m_FillMethod: 4
  m_FillAmount: 1
  m_FillClockwise: 1
  m_FillOrigin: 0
  m_UseSpriteMesh: 0
  m_PixelsPerUnitMultiplier: 1
--- !u!114 &7728646551982811587
MonoBehaviour:
  m_ObjectHideFlags: 0
  m_CorrespondingSourceObject: {fileID: 0}
  m_PrefabInstance: {fileID: 0}
  m_PrefabAsset: {fileID: 0}
  m_GameObject: {fileID: 7728646551982811586}
  m_Enabled: 1
  m_EditorHideFlags: 0
  m_Script: {fileID: 11500000, guid: 4e29b1a8efbd4b44bb3f3716e73f07ff, type: 3}
  m_Name: 
  m_EditorClassIdentifier: 
  m_Navigation:
    m_Mode: 3
    m_WrapAround: 0
    m_SelectOnUp: {fileID: 0}
    m_SelectOnDown: {fileID: 0}
    m_SelectOnLeft: {fileID: 0}
    m_SelectOnRight: {fileID: 0}
  m_Transition: 1
  m_Colors:
    m_NormalColor: {r: 1, g: 1, b: 1, a: 1}
    m_HighlightedColor: {r: 0.9607843, g: 0.9607843, b: 0.9607843, a: 1}
    m_PressedColor: {r: 0.78431374, g: 0.78431374, b: 0.78431374, a: 1}
    m_SelectedColor: {r: 0.9607843, g: 0.9607843, b: 0.9607843, a: 1}
    m_DisabledColor: {r: 0.78431374, g: 0.78431374, b: 0.78431374, a: 0.5019608}
    m_ColorMultiplier: 1
    m_FadeDuration: 0.1
  m_SpriteState:
    m_HighlightedSprite: {fileID: 0}
    m_PressedSprite: {fileID: 0}
    m_SelectedSprite: {fileID: 0}
    m_DisabledSprite: {fileID: 0}
  m_AnimationTriggers:
    m_NormalTrigger: Normal
    m_HighlightedTrigger: Highlighted
    m_PressedTrigger: Pressed
    m_SelectedTrigger: Selected
    m_DisabledTrigger: Disabled
  m_Interactable: 1
  m_TargetGraphic: {fileID: 7728646551982811612}
  m_OnClick:
    m_PersistentCalls:
      m_Calls: []
--- !u!1 &7728646552505888669
GameObject:
  m_ObjectHideFlags: 0
  m_CorrespondingSourceObject: {fileID: 0}
  m_PrefabInstance: {fileID: 0}
  m_PrefabAsset: {fileID: 0}
  serializedVersion: 6
  m_Component:
  - component: {fileID: 7728646552505888670}
  - component: {fileID: 7728646552505888664}
  - component: {fileID: 7728646552505888671}
  m_Layer: 5
  m_Name: Fill
  m_TagString: Untagged
  m_Icon: {fileID: 0}
  m_NavMeshLayer: 0
  m_StaticEditorFlags: 0
  m_IsActive: 1
--- !u!224 &7728646552505888670
RectTransform:
  m_ObjectHideFlags: 0
  m_CorrespondingSourceObject: {fileID: 0}
  m_PrefabInstance: {fileID: 0}
  m_PrefabAsset: {fileID: 0}
  m_GameObject: {fileID: 7728646552505888669}
  m_LocalRotation: {x: -0, y: -0, z: -0, w: 1}
  m_LocalPosition: {x: 0, y: 0, z: 0}
  m_LocalScale: {x: 1, y: 1, z: 1}
  m_Children: []
  m_Father: {fileID: 7728646551448803582}
  m_RootOrder: 0
  m_LocalEulerAnglesHint: {x: 0, y: 0, z: 0}
  m_AnchorMin: {x: 0, y: 0}
  m_AnchorMax: {x: 0, y: 0}
  m_AnchoredPosition: {x: 0, y: 0}
  m_SizeDelta: {x: 10, y: 0}
  m_Pivot: {x: 0.5, y: 0.5}
--- !u!222 &7728646552505888664
CanvasRenderer:
  m_ObjectHideFlags: 0
  m_CorrespondingSourceObject: {fileID: 0}
  m_PrefabInstance: {fileID: 0}
  m_PrefabAsset: {fileID: 0}
  m_GameObject: {fileID: 7728646552505888669}
  m_CullTransparentMesh: 1
--- !u!114 &7728646552505888671
MonoBehaviour:
  m_ObjectHideFlags: 0
  m_CorrespondingSourceObject: {fileID: 0}
  m_PrefabInstance: {fileID: 0}
  m_PrefabAsset: {fileID: 0}
  m_GameObject: {fileID: 7728646552505888669}
  m_Enabled: 1
  m_EditorHideFlags: 0
  m_Script: {fileID: 11500000, guid: fe87c0e1cc204ed48ad3b37840f39efc, type: 3}
  m_Name: 
  m_EditorClassIdentifier: 
  m_Material: {fileID: 0}
  m_Color: {r: 0.8679245, g: 0.16581807, b: 0.118725546, a: 1}
  m_RaycastTarget: 1
  m_RaycastPadding: {x: 0, y: 0, z: 0, w: 0}
  m_Maskable: 1
  m_OnCullStateChanged:
    m_PersistentCalls:
      m_Calls: []
  m_Sprite: {fileID: 10905, guid: 0000000000000000f000000000000000, type: 0}
  m_Type: 1
  m_PreserveAspect: 0
  m_FillCenter: 1
  m_FillMethod: 4
  m_FillAmount: 1
  m_FillClockwise: 1
  m_FillOrigin: 0
  m_UseSpriteMesh: 0
  m_PixelsPerUnitMultiplier: 1
--- !u!1001 &1711810710566653317
PrefabInstance:
  m_ObjectHideFlags: 0
  serializedVersion: 2
  m_Modification:
    m_TransformParent: {fileID: 7728646551166258343}
    m_Modifications:
    - target: {fileID: 4276109329567815416, guid: 7a7834a665dd8d5499648b27e9e5e206, type: 3}
      propertyPath: m_Pivot.x
      value: 0
      objectReference: {fileID: 0}
    - target: {fileID: 4276109329567815416, guid: 7a7834a665dd8d5499648b27e9e5e206, type: 3}
      propertyPath: m_Pivot.y
      value: 0
      objectReference: {fileID: 0}
    - target: {fileID: 4276109329567815416, guid: 7a7834a665dd8d5499648b27e9e5e206, type: 3}
      propertyPath: m_RootOrder
      value: 1
      objectReference: {fileID: 0}
    - target: {fileID: 4276109329567815416, guid: 7a7834a665dd8d5499648b27e9e5e206, type: 3}
      propertyPath: m_AnchorMax.x
      value: 0
      objectReference: {fileID: 0}
    - target: {fileID: 4276109329567815416, guid: 7a7834a665dd8d5499648b27e9e5e206, type: 3}
      propertyPath: m_AnchorMax.y
      value: 0
      objectReference: {fileID: 0}
    - target: {fileID: 4276109329567815416, guid: 7a7834a665dd8d5499648b27e9e5e206, type: 3}
      propertyPath: m_AnchorMin.x
      value: 0
      objectReference: {fileID: 0}
    - target: {fileID: 4276109329567815416, guid: 7a7834a665dd8d5499648b27e9e5e206, type: 3}
      propertyPath: m_AnchorMin.y
      value: 0
      objectReference: {fileID: 0}
    - target: {fileID: 4276109329567815416, guid: 7a7834a665dd8d5499648b27e9e5e206, type: 3}
      propertyPath: m_SizeDelta.x
      value: 0
      objectReference: {fileID: 0}
    - target: {fileID: 4276109329567815416, guid: 7a7834a665dd8d5499648b27e9e5e206, type: 3}
      propertyPath: m_SizeDelta.y
      value: 0
      objectReference: {fileID: 0}
    - target: {fileID: 4276109329567815416, guid: 7a7834a665dd8d5499648b27e9e5e206, type: 3}
      propertyPath: m_LocalPosition.x
      value: 0
      objectReference: {fileID: 0}
    - target: {fileID: 4276109329567815416, guid: 7a7834a665dd8d5499648b27e9e5e206, type: 3}
      propertyPath: m_LocalPosition.y
      value: 0
      objectReference: {fileID: 0}
    - target: {fileID: 4276109329567815416, guid: 7a7834a665dd8d5499648b27e9e5e206, type: 3}
      propertyPath: m_LocalPosition.z
      value: 0
      objectReference: {fileID: 0}
    - target: {fileID: 4276109329567815416, guid: 7a7834a665dd8d5499648b27e9e5e206, type: 3}
      propertyPath: m_LocalRotation.w
      value: 1
      objectReference: {fileID: 0}
    - target: {fileID: 4276109329567815416, guid: 7a7834a665dd8d5499648b27e9e5e206, type: 3}
      propertyPath: m_LocalRotation.x
      value: 0
      objectReference: {fileID: 0}
    - target: {fileID: 4276109329567815416, guid: 7a7834a665dd8d5499648b27e9e5e206, type: 3}
      propertyPath: m_LocalRotation.y
      value: 0
      objectReference: {fileID: 0}
    - target: {fileID: 4276109329567815416, guid: 7a7834a665dd8d5499648b27e9e5e206, type: 3}
      propertyPath: m_LocalRotation.z
      value: 0
      objectReference: {fileID: 0}
    - target: {fileID: 4276109329567815416, guid: 7a7834a665dd8d5499648b27e9e5e206, type: 3}
      propertyPath: m_AnchoredPosition.x
      value: 0
      objectReference: {fileID: 0}
    - target: {fileID: 4276109329567815416, guid: 7a7834a665dd8d5499648b27e9e5e206, type: 3}
      propertyPath: m_AnchoredPosition.y
      value: 0
      objectReference: {fileID: 0}
    - target: {fileID: 4276109329567815416, guid: 7a7834a665dd8d5499648b27e9e5e206, type: 3}
      propertyPath: m_LocalEulerAnglesHint.x
      value: 0
      objectReference: {fileID: 0}
    - target: {fileID: 4276109329567815416, guid: 7a7834a665dd8d5499648b27e9e5e206, type: 3}
      propertyPath: m_LocalEulerAnglesHint.y
      value: 0
      objectReference: {fileID: 0}
    - target: {fileID: 4276109329567815416, guid: 7a7834a665dd8d5499648b27e9e5e206, type: 3}
      propertyPath: m_LocalEulerAnglesHint.z
      value: 0
      objectReference: {fileID: 0}
    - target: {fileID: 4276109329567815421, guid: 7a7834a665dd8d5499648b27e9e5e206, type: 3}
      propertyPath: m_Name
      value: EndGameScreen
      objectReference: {fileID: 0}
    m_RemovedComponents: []
  m_SourcePrefab: {fileID: 100100000, guid: 7a7834a665dd8d5499648b27e9e5e206, type: 3}
--- !u!224 &3212852149915966333 stripped
RectTransform:
  m_CorrespondingSourceObject: {fileID: 4276109329567815416, guid: 7a7834a665dd8d5499648b27e9e5e206, type: 3}
  m_PrefabInstance: {fileID: 1711810710566653317}
  m_PrefabAsset: {fileID: 0}
--- !u!114 &3212852149915966329 stripped
MonoBehaviour:
  m_CorrespondingSourceObject: {fileID: 4276109329567815420, guid: 7a7834a665dd8d5499648b27e9e5e206, type: 3}
  m_PrefabInstance: {fileID: 1711810710566653317}
  m_PrefabAsset: {fileID: 0}
  m_GameObject: {fileID: 0}
  m_Enabled: 1
  m_EditorHideFlags: 0
  m_Script: {fileID: 11500000, guid: 5193197359310c349ab66e0d6b87704d, type: 3}
  m_Name: 
  m_EditorClassIdentifier: 
--- !u!1001 &7728646551113556820
PrefabInstance:
  m_ObjectHideFlags: 0
  serializedVersion: 2
  m_Modification:
    m_TransformParent: {fileID: 7728646551166258343}
    m_Modifications:
    - target: {fileID: 3133833933966804421, guid: c6fddbbae964e3e4f967c60fd229d675, type: 3}
      propertyPath: m_Pivot.x
      value: 0.5
      objectReference: {fileID: 0}
    - target: {fileID: 3133833933966804421, guid: c6fddbbae964e3e4f967c60fd229d675, type: 3}
      propertyPath: m_Pivot.y
      value: 0.5
      objectReference: {fileID: 0}
    - target: {fileID: 3133833933966804421, guid: c6fddbbae964e3e4f967c60fd229d675, type: 3}
      propertyPath: m_RootOrder
      value: 3
      objectReference: {fileID: 0}
    - target: {fileID: 3133833933966804421, guid: c6fddbbae964e3e4f967c60fd229d675, type: 3}
      propertyPath: m_AnchorMax.x
      value: 0.5
      objectReference: {fileID: 0}
    - target: {fileID: 3133833933966804421, guid: c6fddbbae964e3e4f967c60fd229d675, type: 3}
      propertyPath: m_AnchorMax.y
      value: 0.5
      objectReference: {fileID: 0}
    - target: {fileID: 3133833933966804421, guid: c6fddbbae964e3e4f967c60fd229d675, type: 3}
      propertyPath: m_AnchorMin.x
      value: 0.5
      objectReference: {fileID: 0}
    - target: {fileID: 3133833933966804421, guid: c6fddbbae964e3e4f967c60fd229d675, type: 3}
      propertyPath: m_AnchorMin.y
      value: 0.5
      objectReference: {fileID: 0}
    - target: {fileID: 3133833933966804421, guid: c6fddbbae964e3e4f967c60fd229d675, type: 3}
      propertyPath: m_SizeDelta.x
      value: 11.7
      objectReference: {fileID: 0}
    - target: {fileID: 3133833933966804421, guid: c6fddbbae964e3e4f967c60fd229d675, type: 3}
      propertyPath: m_SizeDelta.y
      value: 1.5
      objectReference: {fileID: 0}
    - target: {fileID: 3133833933966804421, guid: c6fddbbae964e3e4f967c60fd229d675, type: 3}
      propertyPath: m_LocalScale.x
      value: 0.42187497
      objectReference: {fileID: 0}
    - target: {fileID: 3133833933966804421, guid: c6fddbbae964e3e4f967c60fd229d675, type: 3}
      propertyPath: m_LocalScale.y
      value: 0.42187497
      objectReference: {fileID: 0}
    - target: {fileID: 3133833933966804421, guid: c6fddbbae964e3e4f967c60fd229d675, type: 3}
      propertyPath: m_LocalScale.z
      value: 0.42187497
      objectReference: {fileID: 0}
    - target: {fileID: 3133833933966804421, guid: c6fddbbae964e3e4f967c60fd229d675, type: 3}
      propertyPath: m_LocalPosition.x
      value: 0
      objectReference: {fileID: 0}
    - target: {fileID: 3133833933966804421, guid: c6fddbbae964e3e4f967c60fd229d675, type: 3}
      propertyPath: m_LocalPosition.y
      value: 0
      objectReference: {fileID: 0}
    - target: {fileID: 3133833933966804421, guid: c6fddbbae964e3e4f967c60fd229d675, type: 3}
      propertyPath: m_LocalPosition.z
      value: 0
      objectReference: {fileID: 0}
    - target: {fileID: 3133833933966804421, guid: c6fddbbae964e3e4f967c60fd229d675, type: 3}
      propertyPath: m_LocalRotation.w
      value: 1
      objectReference: {fileID: 0}
    - target: {fileID: 3133833933966804421, guid: c6fddbbae964e3e4f967c60fd229d675, type: 3}
      propertyPath: m_LocalRotation.x
      value: -0
      objectReference: {fileID: 0}
    - target: {fileID: 3133833933966804421, guid: c6fddbbae964e3e4f967c60fd229d675, type: 3}
      propertyPath: m_LocalRotation.y
      value: -0
      objectReference: {fileID: 0}
    - target: {fileID: 3133833933966804421, guid: c6fddbbae964e3e4f967c60fd229d675, type: 3}
      propertyPath: m_LocalRotation.z
      value: -0
      objectReference: {fileID: 0}
    - target: {fileID: 3133833933966804421, guid: c6fddbbae964e3e4f967c60fd229d675, type: 3}
      propertyPath: m_AnchoredPosition.x
      value: -540.0622
      objectReference: {fileID: 0}
    - target: {fileID: 3133833933966804421, guid: c6fddbbae964e3e4f967c60fd229d675, type: 3}
      propertyPath: m_AnchoredPosition.y
      value: -305.45
      objectReference: {fileID: 0}
    - target: {fileID: 3133833933966804421, guid: c6fddbbae964e3e4f967c60fd229d675, type: 3}
      propertyPath: m_LocalEulerAnglesHint.x
      value: 0
      objectReference: {fileID: 0}
    - target: {fileID: 3133833933966804421, guid: c6fddbbae964e3e4f967c60fd229d675, type: 3}
      propertyPath: m_LocalEulerAnglesHint.y
      value: 0
      objectReference: {fileID: 0}
    - target: {fileID: 3133833933966804421, guid: c6fddbbae964e3e4f967c60fd229d675, type: 3}
      propertyPath: m_LocalEulerAnglesHint.z
      value: 0
      objectReference: {fileID: 0}
    - target: {fileID: 3133833933966804424, guid: c6fddbbae964e3e4f967c60fd229d675, type: 3}
      propertyPath: m_Name
      value: Results
      objectReference: {fileID: 0}
    - target: {fileID: 3133833933966804425, guid: c6fddbbae964e3e4f967c60fd229d675, type: 3}
      propertyPath: m_Enabled
      value: 0
      objectReference: {fileID: 0}
    - target: {fileID: 3133833933966804426, guid: c6fddbbae964e3e4f967c60fd229d675, type: 3}
      propertyPath: m_text
      value: 
      objectReference: {fileID: 0}
    - target: {fileID: 3133833933966804426, guid: c6fddbbae964e3e4f967c60fd229d675, type: 3}
      propertyPath: m_fontSize
      value: 12
      objectReference: {fileID: 0}
    - target: {fileID: 3133833933966804426, guid: c6fddbbae964e3e4f967c60fd229d675, type: 3}
      propertyPath: m_fontColor.b
      value: 0.0990566
      objectReference: {fileID: 0}
    - target: {fileID: 3133833933966804426, guid: c6fddbbae964e3e4f967c60fd229d675, type: 3}
      propertyPath: m_fontColor.g
      value: 1
      objectReference: {fileID: 0}
    - target: {fileID: 3133833933966804426, guid: c6fddbbae964e3e4f967c60fd229d675, type: 3}
      propertyPath: m_fontColor.r
      value: 0.397499
      objectReference: {fileID: 0}
    - target: {fileID: 3133833933966804426, guid: c6fddbbae964e3e4f967c60fd229d675, type: 3}
      propertyPath: m_fontSizeBase
      value: 12
      objectReference: {fileID: 0}
    - target: {fileID: 3133833933966804426, guid: c6fddbbae964e3e4f967c60fd229d675, type: 3}
      propertyPath: m_fontColor32.rgba
      value: 4279893861
      objectReference: {fileID: 0}
    - target: {fileID: 3133833933966804426, guid: c6fddbbae964e3e4f967c60fd229d675, type: 3}
      propertyPath: m_horizontalMapping
      value: 0
      objectReference: {fileID: 0}
    - target: {fileID: 3133833933966804426, guid: c6fddbbae964e3e4f967c60fd229d675, type: 3}
      propertyPath: m_HorizontalAlignment
      value: 32
      objectReference: {fileID: 0}
    - target: {fileID: 3133833933966804426, guid: c6fddbbae964e3e4f967c60fd229d675, type: 3}
      propertyPath: m_enableVertexGradient
      value: 0
      objectReference: {fileID: 0}
    - target: {fileID: 3133833933966804427, guid: c6fddbbae964e3e4f967c60fd229d675, type: 3}
      propertyPath: m_Simulated
      value: 0
      objectReference: {fileID: 0}
    m_RemovedComponents: []
  m_SourcePrefab: {fileID: 100100000, guid: c6fddbbae964e3e4f967c60fd229d675, type: 3}
--- !u!1 &4628634220875736732 stripped
GameObject:
  m_CorrespondingSourceObject: {fileID: 3133833933966804424, guid: c6fddbbae964e3e4f967c60fd229d675, type: 3}
  m_PrefabInstance: {fileID: 7728646551113556820}
  m_PrefabAsset: {fileID: 0}
--- !u!224 &4628634220875736721 stripped
RectTransform:
  m_CorrespondingSourceObject: {fileID: 3133833933966804421, guid: c6fddbbae964e3e4f967c60fd229d675, type: 3}
  m_PrefabInstance: {fileID: 7728646551113556820}
  m_PrefabAsset: {fileID: 0}
--- !u!1001 &7728646552443866861
PrefabInstance:
  m_ObjectHideFlags: 0
  serializedVersion: 2
  m_Modification:
    m_TransformParent: {fileID: 7728646551166258343}
    m_Modifications:
    - target: {fileID: 3133833933966804421, guid: c6fddbbae964e3e4f967c60fd229d675, type: 3}
      propertyPath: m_Pivot.x
      value: 0.5
      objectReference: {fileID: 0}
    - target: {fileID: 3133833933966804421, guid: c6fddbbae964e3e4f967c60fd229d675, type: 3}
      propertyPath: m_Pivot.y
      value: 0.5
      objectReference: {fileID: 0}
    - target: {fileID: 3133833933966804421, guid: c6fddbbae964e3e4f967c60fd229d675, type: 3}
      propertyPath: m_RootOrder
      value: 2
      objectReference: {fileID: 0}
    - target: {fileID: 3133833933966804421, guid: c6fddbbae964e3e4f967c60fd229d675, type: 3}
      propertyPath: m_AnchorMax.x
      value: 0.5
      objectReference: {fileID: 0}
    - target: {fileID: 3133833933966804421, guid: c6fddbbae964e3e4f967c60fd229d675, type: 3}
      propertyPath: m_AnchorMax.y
      value: 0.5
      objectReference: {fileID: 0}
    - target: {fileID: 3133833933966804421, guid: c6fddbbae964e3e4f967c60fd229d675, type: 3}
      propertyPath: m_AnchorMin.x
      value: 0.5
      objectReference: {fileID: 0}
    - target: {fileID: 3133833933966804421, guid: c6fddbbae964e3e4f967c60fd229d675, type: 3}
      propertyPath: m_AnchorMin.y
      value: 0.5
      objectReference: {fileID: 0}
    - target: {fileID: 3133833933966804421, guid: c6fddbbae964e3e4f967c60fd229d675, type: 3}
      propertyPath: m_SizeDelta.x
      value: 11.7
      objectReference: {fileID: 0}
    - target: {fileID: 3133833933966804421, guid: c6fddbbae964e3e4f967c60fd229d675, type: 3}
      propertyPath: m_SizeDelta.y
      value: 1.5
      objectReference: {fileID: 0}
    - target: {fileID: 3133833933966804421, guid: c6fddbbae964e3e4f967c60fd229d675, type: 3}
      propertyPath: m_LocalScale.x
      value: 0.42187497
      objectReference: {fileID: 0}
    - target: {fileID: 3133833933966804421, guid: c6fddbbae964e3e4f967c60fd229d675, type: 3}
      propertyPath: m_LocalScale.y
      value: 0.42187497
      objectReference: {fileID: 0}
    - target: {fileID: 3133833933966804421, guid: c6fddbbae964e3e4f967c60fd229d675, type: 3}
      propertyPath: m_LocalScale.z
      value: 0.42187497
      objectReference: {fileID: 0}
    - target: {fileID: 3133833933966804421, guid: c6fddbbae964e3e4f967c60fd229d675, type: 3}
      propertyPath: m_LocalPosition.x
      value: 0
      objectReference: {fileID: 0}
    - target: {fileID: 3133833933966804421, guid: c6fddbbae964e3e4f967c60fd229d675, type: 3}
      propertyPath: m_LocalPosition.y
      value: 0
      objectReference: {fileID: 0}
    - target: {fileID: 3133833933966804421, guid: c6fddbbae964e3e4f967c60fd229d675, type: 3}
      propertyPath: m_LocalPosition.z
      value: 0
      objectReference: {fileID: 0}
    - target: {fileID: 3133833933966804421, guid: c6fddbbae964e3e4f967c60fd229d675, type: 3}
      propertyPath: m_LocalRotation.w
      value: 1
      objectReference: {fileID: 0}
    - target: {fileID: 3133833933966804421, guid: c6fddbbae964e3e4f967c60fd229d675, type: 3}
      propertyPath: m_LocalRotation.x
      value: -0
      objectReference: {fileID: 0}
    - target: {fileID: 3133833933966804421, guid: c6fddbbae964e3e4f967c60fd229d675, type: 3}
      propertyPath: m_LocalRotation.y
      value: -0
      objectReference: {fileID: 0}
    - target: {fileID: 3133833933966804421, guid: c6fddbbae964e3e4f967c60fd229d675, type: 3}
      propertyPath: m_LocalRotation.z
      value: -0
      objectReference: {fileID: 0}
    - target: {fileID: 3133833933966804421, guid: c6fddbbae964e3e4f967c60fd229d675, type: 3}
      propertyPath: m_AnchoredPosition.x
      value: -540.0622
      objectReference: {fileID: 0}
    - target: {fileID: 3133833933966804421, guid: c6fddbbae964e3e4f967c60fd229d675, type: 3}
      propertyPath: m_AnchoredPosition.y
      value: -304.95
      objectReference: {fileID: 0}
    - target: {fileID: 3133833933966804421, guid: c6fddbbae964e3e4f967c60fd229d675, type: 3}
      propertyPath: m_LocalEulerAnglesHint.x
      value: 0
      objectReference: {fileID: 0}
    - target: {fileID: 3133833933966804421, guid: c6fddbbae964e3e4f967c60fd229d675, type: 3}
      propertyPath: m_LocalEulerAnglesHint.y
      value: 0
      objectReference: {fileID: 0}
    - target: {fileID: 3133833933966804421, guid: c6fddbbae964e3e4f967c60fd229d675, type: 3}
      propertyPath: m_LocalEulerAnglesHint.z
      value: 0
      objectReference: {fileID: 0}
    - target: {fileID: 3133833933966804424, guid: c6fddbbae964e3e4f967c60fd229d675, type: 3}
      propertyPath: m_Name
      value: Target
      objectReference: {fileID: 0}
    - target: {fileID: 3133833933966804425, guid: c6fddbbae964e3e4f967c60fd229d675, type: 3}
      propertyPath: m_Enabled
      value: 0
      objectReference: {fileID: 0}
    - target: {fileID: 3133833933966804426, guid: c6fddbbae964e3e4f967c60fd229d675, type: 3}
      propertyPath: m_text
      value: 
      objectReference: {fileID: 0}
    - target: {fileID: 3133833933966804426, guid: c6fddbbae964e3e4f967c60fd229d675, type: 3}
      propertyPath: m_fontSize
      value: 12
      objectReference: {fileID: 0}
    - target: {fileID: 3133833933966804426, guid: c6fddbbae964e3e4f967c60fd229d675, type: 3}
      propertyPath: m_fontColor.b
      value: 0
      objectReference: {fileID: 0}
    - target: {fileID: 3133833933966804426, guid: c6fddbbae964e3e4f967c60fd229d675, type: 3}
      propertyPath: m_fontColor.g
      value: 0.16846976
      objectReference: {fileID: 0}
    - target: {fileID: 3133833933966804426, guid: c6fddbbae964e3e4f967c60fd229d675, type: 3}
      propertyPath: m_fontColor.r
      value: 0.6431373
      objectReference: {fileID: 0}
    - target: {fileID: 3133833933966804426, guid: c6fddbbae964e3e4f967c60fd229d675, type: 3}
      propertyPath: m_fontSizeBase
      value: 12
      objectReference: {fileID: 0}
    - target: {fileID: 3133833933966804426, guid: c6fddbbae964e3e4f967c60fd229d675, type: 3}
      propertyPath: m_fontColor32.rgba
      value: 4278201252
      objectReference: {fileID: 0}
    - target: {fileID: 3133833933966804426, guid: c6fddbbae964e3e4f967c60fd229d675, type: 3}
      propertyPath: m_HorizontalAlignment
      value: 32
      objectReference: {fileID: 0}
    - target: {fileID: 3133833933966804426, guid: c6fddbbae964e3e4f967c60fd229d675, type: 3}
      propertyPath: m_enableVertexGradient
      value: 0
      objectReference: {fileID: 0}
    - target: {fileID: 3133833933966804427, guid: c6fddbbae964e3e4f967c60fd229d675, type: 3}
      propertyPath: m_Simulated
      value: 0
      objectReference: {fileID: 0}
    m_RemovedComponents: []
  m_SourcePrefab: {fileID: 100100000, guid: c6fddbbae964e3e4f967c60fd229d675, type: 3}
--- !u!1 &4628634219556293413 stripped
GameObject:
  m_CorrespondingSourceObject: {fileID: 3133833933966804424, guid: c6fddbbae964e3e4f967c60fd229d675, type: 3}
  m_PrefabInstance: {fileID: 7728646552443866861}
  m_PrefabAsset: {fileID: 0}
--- !u!224 &4628634219556293416 stripped
RectTransform:
  m_CorrespondingSourceObject: {fileID: 3133833933966804421, guid: c6fddbbae964e3e4f967c60fd229d675, type: 3}
  m_PrefabInstance: {fileID: 7728646552443866861}
  m_PrefabAsset: {fileID: 0}
